2854 4734
564 365 772 430 ..10-

131 548 356 616 demonstraret
377 545 474 614 luisse
495 544 712 630 Empedoclem
723 566 732 625 ;
766 542 869 626 idem,
891 545 925 607 ut
943 540 1075 624 uidetur,
1097 545 1129 608 et
1147 541 1228 609 lia-

131 658 258 726 voriuue
279 657 390 737 (itudo
411 651 530 731 ον’τοας
547 656 583 720 δὲ
603 653 731 729 τούτους
745 650 820 728 τούς
839 649 1044 736 Καθορμούς
1064 652 1098 718 ἐν
1113 652 1229 735 Ὀλομ.

129 764 187 852 nt'q
207 762 481 856 διαρραψιρδῆοαι
502 765 624 848 λέγεται
641 763 825 846 Κλεομένην
851 761 907 827 τόν
926 755 1092 851 ῥαψῳδόν,
1114 760 1156 836 ὥς
1177 762 1231 824 κατ’

136 875 325 958 Φαβωρῖνος
351 877 384 940 ἓν
407 872 727 958 ἀπομνημονεύμασι)
750 891 768 936 a
792 872 957 936 Cleomene
978 869 1134 953 rhopsodo
1156 885 1232 952 pro-

129 986 265 1050 nuntiata
287 1001 358 1050 esse
370 983 527 1067 Olympiae
549 981 728 1063 retulerunt,
753 982 803 1046 cui
822 981 870 1046 rei
886 980 963 1044 fides
976 997 1045 1044 cum
1059 977 1229 1061 Xenopha-

129 1089 179 1154 nis
201 1087 400 1154 similitudine
433 1097 479 1170 (v.
499 1089 640 1154 Karsten.
672 1087 812 1169 Xenoph.
841 1089 941 1169 pil)
965 1093 1027 1154 tum
1040 1086 1229 1166 ,Dicaearchi

56 1178 67 1288 ι’
129 1198 306 1264 testimonio
329 1197 456 1275 (Athen.
469 1195 548 1277 le,
568 1195 589 1260 3
612 1214 641 1278 p.
652 1195 714 1261 620
735 1193 811 1270 τούς
833 1198 868 1261 δὲ
889 1195 1133 1277 Ἐμπεδοκλέους
1154 1197 1229 1259 Κα-
1361 1199 1363 1204 ’
1423 1279 1424 1288 ¹

127 1303 274 1389 θαρμούς
297 1303 529 1390 ἐρραψῴδησεν
551 1299 743 1383 Ὀλαμτιιάοι
768 1307 949 1388 Κλεομένης
967 1300 983 1365 ὅ
1010 1297 1169 1390 ῥαψῳδός,
1186 1294 1229 1379 ὥς

129 1437 209 1500 φησι
237 1416 435 1496 Δικαίαρχος
465 1413 498 1475 ἐν
519 1414 576 1498 τῷ
602 1412 795 1501 Ὀλυμπικῷ)
826 1412 1007 1478 conciliatur
1019 1433 1029 1492 ;
1061 1412 1229 1495 Appuleius

128 1540 223 1606 porro
245 1521 335 1605 Apol.
356 1539 385 1604 p.
407 1521 468 1588 291
492 1523 614 1608 magiae
631 1522 734 1586 luisse
755 1527 897 1605 suspecta
911 1522 1013 1604 tradit,
1037 1523 1086 1585 cui
1105 1522 1229 1587 adden-

129 1633 186 1698 dus
210 1625 367 1700 cedrenus
388 1633 444 1696 t.l
473 1652 501 1714 p.
529 1634 588 1697 iol
620 1633 840 1716 πρωτολογίας
871 1632 917 1696 eis
946 1631 1102 1712 tribuens;
1123 1630 1229 1695 Philo-

129 1748 241 1810 slrulus
258 1743 420 1826 appellavit
438 1734 558 1822 ῧμνοος
574 1735 617 1815 ὥς
634 1737 759 1818 deice}
779 1740 952 1824 dvopdnoo
966 1737 1070 1806 ἔσοιτο
1085 1761 1115 1805 v.
1128 1740 1229 1824 Apoll.
1284 1807 1287 1811 ,
1408 1815 1411 1822 Ι

131 1856 162 1936 8,
185 1855 215 1934 7,
239 1852 259 1916 6
281 1853 339 1932 (cl.
361 1871 407 1916 vs.
431 1851 510 1930 355)
532 1851 763 1933 composuitque
786 1867 853 1915 cum
880 1850 1072 1936 Pythagorae
1093 1849 1230 1916 lustrali-

129 1965 187 2030 bus
211 1961 259 2045 (6,
279 1963 309 2043 5,
332 1959 374 2027 34
397 1952 515 2025 doodlt
534 1962 589 2024 uui
609 1958 810 2044 Πυθαγόρας
831 1955 911 2042 ὑπὲρ
933 1961 1118 2044 καθαρσίων
1141 1962 1229 2040 νομιί
1295 1961 1297 1966 ’
1412 1937 1419 1985 ’Ἴ

134 2074 259 2153 ζοοοι);
276 2071 360 2136 Theo
384 2071 517 2153 denique
547 2071 733 2154 Smyrnaeus
761 2070 794 2133 in
823 2069 1006 2151 exponenda
1037 2070 1155 2134 numeri
1177 2088 1232 2135 se·

130 2182 262 2266 plenarii
280 2187 389 2246 noillru
421 2178 457 2245 τὸ
480 2180 558 2263 γοῦν
581 2181 718 2266 βρέφος,
739 2179 846 2262 inquil,
867 2179 957 2242 δοκεῖ
974 2181 1175 2243 τελειοῦσθαι
1196 2180 1230 2244 ἐν

130 2293 210 2358 inre
233 2283 426 2373 ἓβδόμαοιν,
449 2289 493 2365 οὖς
513 2286 557 2355 Ἦ.
582 2290 749 2355 αἰνίττεται
776 2285 811 2353 ἓν
834 2295 899 2363 τοῖς
920 2291 1117 2371 καθαρμοῖς,
1141 2305 1229 2371 quem

130 2419 238 2468 errore
258 2397 415 2464 inductum
442 2417 498 2481 pro
529 2404 677 2482 φυσικοῖς
709 2397 886 2462 nominasse
912 2395 1100 2480 καθαρμοὺς
1121 2415 1139 2460 e
1159 2397 1230 2463 Plu-

130 2511 229 2578 tarchi
251 2509 378 2594 physica
399 2509 524 2574 decreta
539 2508 704 2573 referentis
724 2508 802 2589 plac.
823 2507 896 2590 phil.
909 2508 947 2589 V,
960 2509 997 2572 ol
1021 2507 1148 2572 ellicies.
1171 2507 1229 2572 lli·

131 2620 186 2686 des
208 2636 266 2702 qua
289 2619 532 2684 testimoniorum
555 2623 587 2681 et
607 2617 760 2699 paucitate
781 2624 812 2680 et
833 2616 968 2700 exilitate
989 2616 1067 2680 haec
1087 2619 1226 2700 quaestio

52 2767 54 2774 ι
132 2728 264 2808 Ιοοοτοι,
286 2725 448 2807 inquibus
471 2743 539 2792 cum
565 2726 808 2810 acquiescerent,
831 2725 882 2808 qui
906 2743 973 2790 eam
996 2743 1093 2809 nuper
1115 2731 1232 2792 tracta-

133 2839 263 2917 nntrp,
283 2853 432 2920 vagarum
454 2836 630 2919 opinionum
651 2853 716 2901 non
728 2834 915 2920 uaasmessi
929 2839 999 2899 sunt
1017 2834 1229 2901 infirmitatem.

132 2949 324 3030 Quapropter
352 2945 464 3011 nullam
500 2945 662 3028 perdemus
690 2963 815 3028 operam
849 2945 970 3010 illorum
999 2945 1038 3010 dc
1068 2944 1129 3009 hoc
1158 2945 1230 3010 loco

131 3055 300 3120 sententias
322 3054 507 3148 enarrando,
530 3055 610 3120 hanc
630 3071 721 3118 unam
743 3053 825 3118 viam
846 3055 906 3121 rati
929 3054 1092 3135 salubrem,
1112 3060 1157 3136 ut,
1180 3056 1232 3118 in·
1287 3063 1289 3070 ’

134 3170 226 3230 venta
249 3169 335 3230 certa
355 3181 465 3228 norma
489 3170 520 3230 et
538 3165 664 3250 regula,
698 3182 757 3246 qua
779 3164 1021 3249 fragmentorum
1044 3165 1231 3249 farraginem

133 3274 285 3358 possimus
304 3274 482 3340 discernere
496 3280 587 3358 atque
604 3276 784 3341 interambo
805 3276 941 3352 carmina
954 3273 1149 3354 distribuere,
1169 3280 1231 3338 tum

135 3383 267 3467 denique
300 3384 339 3456 tle
361 3392 562 3474 argumento,
586 3386 734 3467 oonsilio,
769 3387 868 3451 forma
902 3385 1060 3468 utriusque
1081 3385 1231 3469 integram

135 3494 364 3562 institueremus
387 3495 631 3578 disputationem.
675 3497 776 3577 Atque
796 3493 870 3558 illud
891 3512 972 3557 nunc
993 3493 1170 3578 perlimgar,
1193 3511 1233 3559 ue

133 3604 247 3668 rationi
267 3610 392 3668 nostrae
414 3604 598 3686 disponendi
628 3620 718 3668 omne
747 3603 828 3670 desit
849 3601 1064 3686 praesidium:
1088 3603 1149 3667 hoo
1170 3617 1233 3667 non

135 3711 362 3800 segregandum
379 3730 397 3776 a
413 3711 572 3776 doctrinae
582 3711 785 3779 ‚enarratione
807 3712 985 3794 propediem
1004 3730 1232 3795 persequemur.

234 3822 416 3906 Disputandi
447 3827 546 3886 autem
579 3821 696 3885 initium
719 3827 752 3884 ut
780 3841 797 3885 a
824 3829 907 3888 certa
923 3839 966 3890 ,re
988 3839 1109 3887 sumere
1131 3823 1236 3905 possi-

135 3947 213 4012 mus,
230 3929 448 4014 percommode
463 3928 586 4011 accidit,
608 3928 689 4011 quod
702 3927 868 3994 lustralium
884 3931 1064 4014 principium
1078 3949 1142 3996 non
1156 3951 1235 4016 pau-

236 4193 267 4265 ⁴⁵)
286 4191 451 4260 ldullaclrius,
466 4209 544 4264 quem
562 4193 596 4247 de
608 4195 743 4264 prooemio
754 4195 921 4262 Empedoclis
936 4197 1055 4264 proximo
1073 4211 1142 4250 auno
1161 4211 1235 4250 ecm-

134 4292 322 4346 meutstloncm
343 4289 457 4347 edidisse
482 4290 580 4359 rudivi,
599 4292 661 4362 quid
684 4291 718 4344 da
750 4291 800 4345 liro
826 4306 855 4344 re
882 4293 994 4362 iudicat,
1012 4296 1074 4365 quia
1090 4293 1161 4346 illam
1181 4307 1233 4344 τοο

136 4389 221 4460 τιιίςΙ,
239 4388 339 4446 mucio.
415 4425 418 4432 -
