<?xml version="1.0" encoding="UTF-8"?>
<!DOCTYPE html PUBLIC "-//W3C//DTD XHTML 1.0 Transitional//EN"
    "http://www.w3.org/TR/xhtml1/DTD/xhtml1-transitional.dtd">
<html xmlns="http://www.w3.org/1999/xhtml" xml:lang="en" lang="en">
 <head>
  <title>
</title>
<meta http-equiv="Content-Type" content="text/html;charset=utf-8" />
  <meta name='ocr-system' content='tesseract 3.04.00' />
  <meta name='ocr-capabilities' content='ocr_page ocr_carea ocr_par ocr_line ocrx_word'/>
</head>
<body>
  <div class='ocr_page' id='page_1' title='image "./empedoclisagrig01empegoog_0035.png"; bbox 0 0 2854 4734; ppageno 0'>
   <div class='ocr_carea' id='block_1_1' title="bbox 152 509 1323 649">
    <p class='ocr_par' dir='ltr' id='par_1_1' title="bbox 152 509 1323 649">
     <span class='ocr_line' id='line_1_1' title="bbox 152 509 1323 649; baseline 0.002 -20"><span class='ocrx_word' id='word_1_1' title='bbox 152 566 201 630; x_wconf 84' lang='lat' dir='ltr'><strong>iur</strong></span> <span class='ocrx_word' id='word_1_2' title='bbox 230 563 338 648; x_wconf 82' lang='lat' dir='ltr'><strong>partim</strong></span> <span class='ocrx_word' id='word_1_3' title='bbox 361 579 379 629; x_wconf 84' lang='lat' dir='ltr'><strong>a</strong></span> <span class='ocrx_word' id='word_1_4' title='bbox 400 560 563 628; x_wconf 77' lang='lat' dir='ltr'><strong>Kersieuio</strong></span> <span class='ocrx_word' id='word_1_5' title='bbox 586 578 625 626; x_wconf 86' lang='lat' dir='ltr'><strong>ex</strong></span> <span class='ocrx_word' id='word_1_6' title='bbox 654 562 854 648; x_wconf 68' lang='lat' dir='ltr'><strong>autographis</strong></span> <span class='ocrx_word' id='word_1_7' title='bbox 871 509 1130 647; x_wconf 29' lang='lat' dir='ltr'><strong>&#39;Lugdunensibus</strong></span> <span class='ocrx_word' id='word_1_8' title='bbox 1151 566 1252 649; x_wconf 83' lang='lat' dir='ltr'><strong>publi·</strong></span> <span class='ocrx_word' id='word_1_9' title='bbox 1319 535 1323 542; x_wconf 38' lang='grc'>’</span> 
     </span>
    </p>
   </div>
   <div class='ocr_carea' id='block_1_2' title="bbox 150 672 1254 1952">
    <p class='ocr_par' dir='ltr' id='par_1_2' title="bbox 150 672 1254 1952">
     <span class='ocr_line' id='line_1_2' title="bbox 155 672 1252 760; baseline -0.005 -21"><span class='ocrx_word' id='word_1_10' title='bbox 155 681 244 741; x_wconf 73' lang='lat' dir='ltr'><strong>eatae</strong></span> <span class='ocrx_word' id='word_1_11' title='bbox 264 679 349 755; x_wconf 81' lang='lat' dir='ltr'><strong>suni)</strong></span> <span class='ocrx_word' id='word_1_12' title='bbox 372 688 432 757; x_wconf 84' lang='lat' dir='ltr'><strong>quo</strong></span> <span class='ocrx_word' id='word_1_13' title='bbox 463 687 611 738; x_wconf 79' lang='lat' dir='ltr'><strong>successu</strong></span> <span class='ocrx_word' id='word_1_14' title='bbox 639 672 732 755; x_wconf 72' lang='lat' dir='ltr'><strong>igitur</strong></span> <span class='ocrx_word' id='word_1_15' title='bbox 754 673 783 737; x_wconf 88' lang='lat' dir='ltr'><strong>ei</strong></span> <span class='ocrx_word' id='word_1_16' title='bbox 808 673 980 758; x_wconf 73' lang='lat' dir='ltr'><strong>fragmenta</strong></span> <span class='ocrx_word' id='word_1_17' title='bbox 1001 675 1126 740; x_wconf 81' lang='lat' dir='ltr'><strong>multum</strong></span> <span class='ocrx_word' id='word_1_18' title='bbox 1149 677 1252 760; x_wconf 86' lang='lat' dir='ltr'>inqui.</span> 
     </span>
     <span class='ocr_line' id='line_1_3' title="bbox 153 782 1252 867; baseline 0.003 -18"><span class='ocrx_word' id='word_1_19' title='bbox 153 791 224 851; x_wconf 82' lang='lat' dir='ltr'><strong>raia</strong></span> <span class='ocrx_word' id='word_1_20' title='bbox 246 803 283 851; x_wconf 86' lang='lat' dir='ltr'><strong>uu</strong></span> <span class='ocrx_word' id='word_1_21' title='bbox 305 790 446 867; x_wconf 72' lang='lat' dir='ltr'><strong>corrupta</strong></span> <span class='ocrx_word' id='word_1_22' title='bbox 468 782 732 863; x_wconf 72' lang='lat' dir='ltr'><strong>emaculavisseni,</strong></span> <span class='ocrx_word' id='word_1_23' title='bbox 754 801 832 865; x_wconf 82' lang='lat' dir='ltr'><strong>quae</strong></span> <span class='ocrx_word' id='word_1_24' title='bbox 853 801 947 865; x_wconf 85' lang='lat' dir='ltr'><strong>porro</strong></span> <span class='ocrx_word' id='word_1_25' title='bbox 964 785 1055 850; x_wconf 90' lang='lat' dir='ltr'><strong>uobis</strong></span> <span class='ocrx_word' id='word_1_26' title='bbox 1076 786 1126 851; x_wconf 88' lang='lat' dir='ltr'><strong>vel</strong></span> <span class='ocrx_word' id='word_1_27' title='bbox 1149 789 1252 852; x_wconf 85' lang='lat' dir='ltr'><strong>susei-</strong></span> 
     </span>
     <span class='ocr_line' id='line_1_4' title="bbox 154 893 1254 979; baseline 0.001 -17"><span class='ocrx_word' id='word_1_28' title='bbox 154 895 267 979; x_wconf 74' lang='lat' dir='ltr'><strong>uieuda</strong></span> <span class='ocrx_word' id='word_1_29' title='bbox 291 893 340 960; x_wconf 83' lang='lat' dir='ltr'><strong>vei</strong></span> <span class='ocrx_word' id='word_1_30' title='bbox 364 893 523 958; x_wconf 85' lang='lat' dir='ltr'><strong>reicienda</strong></span> <span class='ocrx_word' id='word_1_31' title='bbox 550 893 600 957; x_wconf 85' lang='lat' dir='ltr'><strong>vel</strong></span> <span class='ocrx_word' id='word_1_32' title='bbox 631 893 815 976; x_wconf 78' lang='lat' dir='ltr'><strong>corrigenda</strong></span> <span class='ocrx_word' id='word_1_33' title='bbox 836 893 1049 976; x_wconf 78' lang='lat' dir='ltr'><strong>reliquissent,</strong></span> <span class='ocrx_word' id='word_1_34' title='bbox 1090 913 1168 978; x_wconf 88' lang='lat' dir='ltr'><strong>quae</strong></span> <span class='ocrx_word' id='word_1_35' title='bbox 1196 898 1254 963; x_wconf 89' lang='lat' dir='ltr'><strong>de·</strong></span> 
     </span>
     <span class='ocr_line' id='line_1_5' title="bbox 151 1003 1254 1090; baseline 0.002 -20"><span class='ocrx_word' id='word_1_36' title='bbox 151 1007 246 1090; x_wconf 74' lang='lat' dir='ltr'><strong>nique</strong></span> <span class='ocrx_word' id='word_1_37' title='bbox 267 1005 395 1070; x_wconf 80' lang='lat' dir='ltr'><strong>aliorum</strong></span> <span class='ocrx_word' id='word_1_38' title='bbox 424 1003 557 1068; x_wconf 78' lang='lat' dir='ltr'><strong>feliciori</strong></span> <span class='ocrx_word' id='word_1_39' title='bbox 589 1003 721 1068; x_wconf 75' lang='lat' dir='ltr'><strong>acumini</strong></span> <span class='ocrx_word' id='word_1_40' title='bbox 751 1003 967 1069; x_wconf 79' lang='lat' dir='ltr'><strong>committenda</strong></span> <span class='ocrx_word' id='word_1_41' title='bbox 1003 1023 1141 1070; x_wconf 80' lang='lat' dir='ltr'><strong>essemus</strong></span> <span class='ocrx_word' id='word_1_42' title='bbox 1166 1008 1254 1072; x_wconf 85' lang='lat' dir='ltr'><strong>urhi-</strong></span> 
     </span>
     <span class='ocr_line' id='line_1_6' title="bbox 153 1111 1252 1200; baseline 0.001 -18"><span class='ocrx_word' id='word_1_43' title='bbox 153 1115 233 1182; x_wconf 78' lang='lat' dir='ltr'><strong>nai.</strong></span> <span class='ocrx_word' id='word_1_44' title='bbox 258 1115 327 1191; x_wconf 81' lang='lat' dir='ltr'><strong>Quo</strong></span> <span class='ocrx_word' id='word_1_45' title='bbox 349 1113 381 1177; x_wconf 92' lang='lat' dir='ltr'><strong>iu</strong></span> <span class='ocrx_word' id='word_1_46' title='bbox 400 1113 471 1177; x_wconf 87' lang='lat' dir='ltr'><strong>loeo</strong></span> <span class='ocrx_word' id='word_1_47' title='bbox 487 1120 520 1177; x_wconf 77' lang='lat' dir='ltr'><strong>ut</strong></span> <span class='ocrx_word' id='word_1_48' title='bbox 540 1111 641 1196; x_wconf 73' lang='lat' dir='ltr'><strong>alienun</strong></span> <span class='ocrx_word' id='word_1_49' title='bbox 663 1129 702 1178; x_wconf 84' lang='lat' dir='ltr'><strong>ex</strong></span> <span class='ocrx_word' id='word_1_50' title='bbox 723 1119 809 1196; x_wconf 79' lang='lat' dir='ltr'><strong>parte</strong></span> <span class='ocrx_word' id='word_1_51' title='bbox 821 1113 912 1177; x_wconf 81' lang='lat' dir='ltr'><strong>iuiius</strong></span> <span class='ocrx_word' id='word_1_52' title='bbox 933 1131 971 1178; x_wconf 82' lang='lat' dir='ltr'><strong>aa</strong></span> <span class='ocrx_word' id='word_1_53' title='bbox 990 1114 1134 1180; x_wconf 80' lang='lat' dir='ltr'><strong>fidentius</strong></span> <span class='ocrx_word' id='word_1_54' title='bbox 1157 1135 1252 1200; x_wconf 80' lang='lat' dir='ltr'><strong>agere</strong></span> 
     </span>
     <span class='ocr_line' id='line_1_7' title="bbox 154 1221 1251 1309; baseline 0.001 -19"><span class='ocrx_word' id='word_1_55' title='bbox 154 1239 327 1309; x_wconf 80' lang='lat' dir='ltr'><strong>possemus,</strong></span> <span class='ocrx_word' id='word_1_56' title='bbox 352 1221 606 1305; x_wconf 77' lang='lat' dir='ltr'><strong>ieeiiBrandisii,</strong></span> <span class='ocrx_word' id='word_1_57' title='bbox 622 1225 657 1288; x_wconf 89' lang='lat' dir='ltr'><strong>V.</strong></span> <span class='ocrx_word' id='word_1_58' title='bbox 673 1223 730 1304; x_wconf 72' lang='lat' dir='ltr'><strong>Gi,</strong></span> <span class='ocrx_word' id='word_1_59' title='bbox 753 1222 903 1288; x_wconf 81' lang='lat' dir='ltr'><strong>consulite</strong></span> <span class='ocrx_word' id='word_1_60' title='bbox 925 1224 1065 1305; x_wconf 81' lang='lat' dir='ltr'><strong>comitas,</strong></span> <span class='ocrx_word' id='word_1_61' title='bbox 1087 1225 1149 1307; x_wconf 85' lang='lat' dir='ltr'><strong>qui,</strong></span> <span class='ocrx_word' id='word_1_62' title='bbox 1176 1244 1251 1309; x_wconf 86' lang='lat' dir='ltr'><strong>quas</strong></span> 
     </span>
     <span class='ocr_line' id='line_1_8' title="bbox 156 1333 1250 1419; baseline 0.001 -19"><span class='ocrx_word' id='word_1_63' title='bbox 156 1333 324 1417; x_wconf 83' lang='lat' dir='ltr'><strong>exemplari</strong></span> <span class='ocrx_word' id='word_1_64' title='bbox 344 1333 492 1416; x_wconf 83' lang='lat' dir='ltr'><strong>Simplicii</strong></span> <span class='ocrx_word' id='word_1_65' title='bbox 521 1333 717 1417; x_wconf 81' lang='lat' dir='ltr'><strong>physicorum</strong></span> <span class='ocrx_word' id='word_1_66' title='bbox 749 1333 938 1415; x_wconf 86' lang='lat' dir='ltr'><strong>quorundam</strong></span> <span class='ocrx_word' id='word_1_67' title='bbox 960 1335 1100 1399; x_wconf 83' lang='lat' dir='ltr'><strong>codicum</strong></span> <span class='ocrx_word' id='word_1_68' title='bbox 1122 1336 1161 1400; x_wconf 90' lang='lat' dir='ltr'><strong>ab</strong></span> <span class='ocrx_word' id='word_1_69' title='bbox 1183 1337 1250 1419; x_wconf 82' lang='lat' dir='ltr'><strong>ipsu</strong></span> 
     </span>
     <span class='ocr_line' id='line_1_9' title="bbox 152 1442 1251 1527; baseline 0 -19"><span class='ocrx_word' id='word_1_70' title='bbox 152 1444 361 1527; x_wconf 72' lang='lat' dir='ltr'><strong>inspecturum</strong></span> <span class='ocrx_word' id='word_1_71' title='bbox 389 1443 576 1524; x_wconf 78' lang='lat' dir='ltr'><strong>ascripserat</strong></span> <span class='ocrx_word' id='word_1_72' title='bbox 596 1442 763 1522; x_wconf 76' lang='lat' dir='ltr'><strong>lectiones,</strong></span> <span class='ocrx_word' id='word_1_73' title='bbox 793 1449 826 1505; x_wconf 86' lang='lat' dir='ltr'><strong>ut</strong></span> <span class='ocrx_word' id='word_1_74' title='bbox 848 1442 879 1505; x_wconf 92' lang='lat' dir='ltr'><strong>in</strong></span> <span class='ocrx_word' id='word_1_75' title='bbox 900 1449 1038 1508; x_wconf 78' lang='lat' dir='ltr'><strong>nostrum</strong></span> <span class='ocrx_word' id='word_1_76' title='bbox 1059 1463 1146 1509; x_wconf 87' lang='lat' dir='ltr'><strong>usum</strong></span> <span class='ocrx_word' id='word_1_77' title='bbox 1172 1463 1251 1510; x_wconf 84' lang='lat' dir='ltr'><strong>eon-</strong></span> 
     </span>
     <span class='ocr_line' id='line_1_10' title="bbox 151 1553 1250 1638; baseline 0 -18"><span class='ocrx_word' id='word_1_78' title='bbox 151 1560 352 1635; x_wconf 71' lang='lat' dir='ltr'><strong>verteremus,</strong></span> <span class='ocrx_word' id='word_1_79' title='bbox 373 1569 432 1637; x_wconf 83' lang='lat' dir='ltr'><strong>qua</strong></span> <span class='ocrx_word' id='word_1_80' title='bbox 448 1554 597 1620; x_wconf 74' lang='lat' dir='ltr'><strong>laetamur</strong></span> <span class='ocrx_word' id='word_1_81' title='bbox 616 1553 732 1638; x_wconf 79' lang='lat' dir='ltr'><strong>insigni</strong></span> <span class='ocrx_word' id='word_1_82' title='bbox 752 1553 979 1636; x_wconf 71' lang='lat' dir='ltr'><strong>benevolentia,</strong></span> <span class='ocrx_word' id='word_1_83' title='bbox 1003 1557 1167 1620; x_wconf 79' lang='lat' dir='ltr'><strong>concessit.</strong></span> <span class='ocrx_word' id='word_1_84' title='bbox 1213 1556 1250 1620; x_wconf 82' lang='lat' dir='ltr'><strong>Ut</strong></span> 
     </span>
     <span class='ocr_line' id='line_1_11' title="bbox 152 1662 1250 1747; baseline -0.001 -17"><span class='ocrx_word' id='word_1_85' title='bbox 152 1662 285 1747; x_wconf 76' lang='lat' dir='ltr'><strong>denique</strong></span> <span class='ocrx_word' id='word_1_86' title='bbox 314 1663 435 1729; x_wconf 79' lang='lat' dir='ltr'><strong>facilius</strong></span> <span class='ocrx_word' id='word_1_87' title='bbox 468 1669 603 1747; x_wconf 83' lang='lat' dir='ltr'><strong>peieret,</strong></span> <span class='ocrx_word' id='word_1_88' title='bbox 632 1668 746 1746; x_wconf 79' lang='lat' dir='ltr'><strong>quanio</strong></span> <span class='ocrx_word' id='word_1_89' title='bbox 773 1679 841 1728; x_wconf 88' lang='lat' dir='ltr'><strong>mea</strong></span> <span class='ocrx_word' id='word_1_90' title='bbox 872 1681 1014 1729; x_wconf 87' lang='lat' dir='ltr'><strong>versuum</strong></span> <span class='ocrx_word' id='word_1_91' title='bbox 1047 1663 1208 1746; x_wconf 81' lang='lat' dir='ltr'><strong>dispositio</strong></span> <span class='ocrx_word' id='word_1_92' title='bbox 1231 1684 1250 1729; x_wconf 92' lang='lat' dir='ltr'><strong>a</strong></span> 
     </span>
     <span class='ocr_line' id='line_1_12' title="bbox 152 1771 1249 1859; baseline 0 -20"><span class='ocrx_word' id='word_1_93' title='bbox 152 1772 353 1840; x_wconf 76' lang='lat' dir='ltr'><strong>Karsteniuuu</strong></span> <span class='ocrx_word' id='word_1_94' title='bbox 374 1773 536 1840; x_wconf 71' lang='lat' dir='ltr'><strong>intervallo</strong></span> <span class='ocrx_word' id='word_1_95' title='bbox 559 1771 697 1856; x_wconf 76' lang='lat' dir='ltr'><strong>distaret,</strong></span> <span class='ocrx_word' id='word_1_96' title='bbox 720 1790 865 1839; x_wconf 86' lang='lat' dir='ltr'><strong>numeras</strong></span> <span class='ocrx_word' id='word_1_97' title='bbox 886 1773 967 1840; x_wconf 89' lang='lat' dir='ltr'><strong>illius</strong></span> <span class='ocrx_word' id='word_1_98' title='bbox 990 1774 1098 1839; x_wconf 76' lang='lat' dir='ltr'><strong>dextro</strong></span> <span class='ocrx_word' id='word_1_99' title='bbox 1116 1775 1249 1859; x_wconf 78' lang='lat' dir='ltr'><strong>margini</strong></span> 
     </span>
     <span class='ocr_line' id='line_1_13' title="bbox 150 1883 260 1952; baseline -0.018 0"><span class='ocrx_word' id='word_1_100' title='bbox 150 1883 260 1952; x_wconf 78' lang='lat' dir='ltr'><strong>aniani.</strong></span> 
     </span>
    </p>
   </div>
   <div class='ocr_carea' id='block_1_3' title="bbox 0 0 1432 4734">
    <p class='ocr_par' dir='ltr' id='par_1_3' title="bbox 0 0 1432 4734">
     <span class='ocr_line' id='line_1_14' title="bbox 0 0 1432 4734; baseline 0 4"><span class='ocrx_word' id='word_1_101' title='bbox 0 0 1432 4734; x_wconf 95' lang='lat' dir='ltr'><strong> </strong></span> 
     </span>
    </p>
   </div>
  </div>
 </body>
</html>
