2854 4734
172 523 232 589 que
253 503 408 587 ditiorum,
428 511 462 570 ut
474 503 605 587 videtur,
629 505 742 572 ciuium
756 505 937 570 concionem
952 503 1050 588 diluit,
1072 503 1103 568 h.
1126 521 1155 570 e.
1176 505 1265 588 priu-

170 617 300 700 cipatum
322 617 368 682 eis
391 617 579 700 reipublicae
601 617 763 701 abrogauit
789 615 991 700 populumque
1009 622 1104 682 totunm
1126 615 1174 682 sui
1195 633 1266 682 esse

165 727 242 792 iuris
265 728 362 793 iussit.
385 728 450 792 l'ali
469 727 563 811 igitur
585 728 724 811 ingenio,
748 726 828 808 quod
851 726 883 789 in
905 726 966 791 fori
985 727 1055 791 luce
1078 744 1115 792 ac
1138 725 1265 808 pulvere

165 836 300 901 adolevit
325 854 502 919 summaque
535 856 603 901 cum
635 837 736 922 gloria
766 854 804 900 ac
833 836 934 900 fructu
956 841 1177 916 persedisset,
1200 853 1264 900 non

165 951 266 1027 potest
279 946 478 1028 probabiliter
492 946 557 1012 eius
572 946 646 1010 artis
662 946 798 1010 defuisse
810 945 888 1025 laus,
914 946 945 1008 in
968 961 1027 1028 qua
1044 944 1123 1028 apud
1142 950 1264 1010 veteres

165 1055 377 1136 reipublicae
405 1055 564 1138 gerendae
586 1073 684 1138 paene
705 1074 822 1120 summa
852 1055 952 1136 posita
974 1062 1067 1123 esset.
1094 1093 1136 1106 -
1162 1054 1263 1136 Atque

164 1164 255 1228 huius
286 1166 459 1246 praeceptis
487 1165 588 1246 potius
620 1165 789 1230 institutum
822 1182 912 1246 quam
947 1164 1086 1246 exemplo
1107 1164 1265 1228 incitatum

165 1291 236 1338 esse
250 1272 396 1358 Gorgiam
411 1274 602 1356 Leontinum,
624 1274 722 1338 vuum
743 1274 938 1356 eloquentiae
957 1273 1047 1338 laude
1069 1273 1263 1354 cumulatum,

166 1382 410 1446 testimoniorum
432 1383 569 1466 paucitas
589 1388 619 1446 et
638 1383 818 1467 ambiguitas
842 1382 928 1446 credi
947 1397 1010 1444 non
1029 1383 1141 1447 sinunt.
1168 1382 1267 1458 Quam

164 1490 357 1556 tradiderunt
380 1493 502 1574 quidem
533 1493 629 1558 luisse
651 1492 846 1575 Empedoclis
872 1491 1052 1576 discipulum
1074 1491 1267 1574 eundemque

167 1600 242 1666 artis
264 1601 438 1666 rhetoricae
469 1601 652 1683 scriptorem
675 1613 722 1679 (v.
746 1607 848 1666 tamen
869 1601 1013 1684 Spengel.
1043 1623 1154 1681 accep.
1184 1623 1265 1681 τεχν.

167 1727 197 1790 p.
213 1711 253 1774 81
267 1720 346 1792 sq.):
370 1711 497 1795 Satyrus
520 1728 567 1793 ap.
591 1712 762 1795 Diogenem
785 1710 856 1774 loco
881 1727 972 1791 supra
996 1709 1163 1792 descripto,
1187 1727 1268 1792 mrc-

169 1835 238 1882 oum
275 1820 481 1886 conferendus
513 1821 624 1887 Suidas
658 1840 684 1886 s.
713 1841 762 1899 v.;
792 1820 991 1886 scholiastom
1020 1822 1102 1884 enim
1133 1819 1173 1884 ad
1194 1819 1265 1884 Plat.

169 1925 264 2012 Gorg.
286 1947 317 2010 p.
333 1930 395 1993 345
431 1947 470 1994 ex
503 1930 571 2012 ipso
595 1929 721 1994 Platone
745 1946 800 1995 sua
834 1935 1032 1994 consuentem
1062 1929 1150 1992 nihili
1173 1929 1266 1994 facio.

166 2037 204 2100 Et
218 2037 319 2120 Satyri
336 2038 541 2104 testimonium
560 2041 650 2105 obest
673 2039 772 2124 magis
792 2039 908 2104 rumori
924 2038 963 2103 da
982 2037 1179 2120 Empedoclis
1199 2045 1267 2104 arte

170 2146 327 2212 rhetorica
342 2166 430 2230 quam
452 2149 589 2232 prodest,
610 2156 644 2215 ut
664 2150 715 2232 qui
733 2169 751 2214 e
772 2148 912 2232 discipuli
928 2146 1047 2212 demum
1061 2148 1205 2214 iacultata
1217 2149 1268 2212 iu-

170 2254 282 2322 dicium
304 2258 397 2324 iaciat
419 2259 458 2325 de
479 2261 647 2347 magistro:
671 2261 722 2342 qui
736 2267 836 2325 tamen
857 2257 981 2324 omnino
997 2275 1069 2322 num
1086 2259 1267 2324 lueritEm-

171 2366 330 2448 pedocles,
347 2367 437 2434 ualde
451 2369 575 2435 dubium
590 2388 628 2434 ac
644 2387 742 2452 paene
758 2368 950 2434 incredibile.
967 2367 1171 2444 Quintilianus
1183 2374 1268 2434 certe

167 2475 260 2559 111,1,
276 2478 297 2543 8
317 2478 465 2562 (Gorgias
477 2478 642 2543 mosanas
653 2477 855 2560 Empedoclis,
875 2485 910 2542 ut
924 2478 1066 2559 hodius,
1084 2478 1266 2558 dbmpulcs)

171 2584 316 2650 admonet
338 2606 396 2653 nos
417 2587 556 2670 exemplo
586 2605 642 2652 suo
666 2587 826 2652 cautionis.
854 2586 1006 2652 Utmittam
1028 2587 1110 2652 enim
1131 2586 1266 2667 discipli·

169 2708 229 2757 nse
242 2695 321 2776 apud
341 2702 462 2760 veteres
477 2713 589 2780 vagum
602 2696 817 2783 significatum,
833 2695 970 2762 rationes
986 2702 1153 2778 temporum
1168 2693 1266 2760 vehe-

74 2856 76 2865 ,
169 2809 288 2868 menter
302 2804 507 2889 refragantur.
532 2807 666 2892 Gorgiae
686 2808 768 2873 enim
785 2813 916 2873 aetatem
939 2813 1060 2870 centum
1083 2825 1195 2872 novem
1209 2823 1268 2872 aa·
1370 2847 1407 2886 m

168 2931 279 2980 uorum
301 2916 481 2982 certissimis
505 2917 630 2984 calculis
647 2918 727 2983 inter
748 2918 859 3001 olymp.
883 2919 920 2981 71
937 2923 968 2982 et
982 2917 1024 2982 98
1045 2917 1170 2982 inclusit
1189 2916 1268 2982 Ecs-

81 3082 84 3091 .
167 3024 231 3088 sius
264 3023 321 3103 (de
343 3024 438 3112 Gorg.
464 3028 572 3092 Lecnt.
605 3032 768 3092 comment.
790 3044 819 3109 p.
837 3027 912 3107 tt);
939 3026 1134 3109 Empedoclis
1168 3031 1268 3090 autem

72 3122 81 3164 ·'
167 3133 296 3215 sumpsit
315 3135 414 3219 magis
435 3155 525 3219 quam
545 3137 686 3219 probavit
705 3136 885 3203 llarstenius
908 3135 947 3202 ab
969 3136 1079 3219 olymp.
1105 3137 1146 3200 it
1169 3153 1266 3220 usque

169 3243 208 3308 ad
234 3243 346 3328 olymp.
362 3246 402 3311 87
421 3247 617 3330 pertinuisse,
640 3267 708 3312 curo
732 3247 848 3331 aliquot
862 3246 1084 3332 olympiadibus
1102 3247 1266 3329 proterea.

169 3351 239 3420 dam
260 3373 330 3421 essa
352 3357 540 3439 probabilius
562 3359 611 3426 sit.
655 3359 774 3425 Etenim
796 3375 866 3422 cum
888 3356 1073 3423 Aristoteles
1092 3356 1164 3421 loco
1184 3356 1266 3420 mul·

69 3483 111 3538 ·,
166 3469 229 3527 tum
250 3469 380 3529 bactato
399 3466 566 3551 metaphys.
589 3469 614 3548 l,
636 3468 657 3533 3
678 3469 897 3552 Anaxagoram
922 3466 1005 3530 dicat
1025 3468 1063 3552 τῇ
1083 3467 1142 3546 μὲν
1161 3463 1266 3554 ἡλικίᾳ
1404 3501 1405 3532 t

111 3572 116 3632 .'
166 3567 319 3654 πρότερον
348 3571 556 3655 Empedocles,
589 3581 653 3650 τοῖς
684 3576 713 3638 δ’
739 3572 840 3660 ἔργοις
867 3566 1019 3657 ὕστερον,
1051 3573 1134 3638 huuc
1166 3579 1267 3638 aulem

166 3679 277 3764 olymp.
302 3682 343 3746 70
365 3688 467 3746 natum
496 3701 566 3749 esse
589 3683 771 3765 Apollodori
799 3703 846 3768 ap.
862 3687 954 3770 Diog.
976 3685 1013 3750 ll.
1038 3685 1057 3749 7
1087 3684 1267 3748 auctoritate

169 3797 305 3857 constet:
328 3808 391 3856 non
411 3799 512 3874 potest
536 3793 720 3859 Aristoteles
750 3812 917 3876 paucorum
947 3812 1096 3860 annorum
1120 3792 1269 3859 interval·

170 3899 231 3963 lum
254 3919 320 3966 cum
341 3903 537 3986 ingeniorum
559 3921 622 3968 non
649 3902 801 3969 mediocri
822 3903 994 3971 differentia
1012 3921 1191 3988 comparare
1210 3929 1269 3976 vc·

170 4008 275 4074 luisse.
298 4008 505 4093 Apollodorus
521 4032 615 4096 porro
632 4033 679 4097 ap.
698 4013 876 4099 Diogvlll,
890 4015 929 4080 72
953 4032 1059 4080 eorum
1080 4018 1272 4106 redarguens

174 4117 372 4199 sententiam,
407 4121 458 4202 qui
492 4139 649 4204 pugnasse
670 4130 849 4190 narrassent
868 4123 1085 4205 Empedoclem
1112 4129 1272 4212 Syracusis

170 4233 279 4298 contra
299 4228 528 4312 Athenienses,
