2854 4734
592 325 799 392 ..13-

143 519 313 600 sermm
334 499 377 572 cd
396 504 489 572 olium
508 501 547 564 ab
579 503 641 566 olto
663 503 885 583 convertimus,
900 502 1004 583 priene
1023 521 1130 572 nomen
1147 505 1240 588 poet-

143 635 229 698 mus,
252 615 358 682 Mende
377 632 568 696 pronomen,
589 613 693 676 deinde
712 612 913 692 particulam)
937 616 1240 697 auctoritatissime,

148 747 188 794 ne
202 727 334 794 solemn
355 726 478 808 qudem
497 731 590 790 totam
608 741 673 790 rem
686 721 857 804 complecti.
900 726 1001 806 Atque
1024 725 1097 806 quid
1120 726 1241 792 tandem

146 836 297 919 prohibet,
321 834 545 917 quominusillo
568 849 660 898 versu
681 832 772 896 simili
793 833 885 896 modo
907 833 1070 899 nonnullos
1097 840 1242 917 exceptas

143 963 216 1016 etse
237 945 394 1025 dicemus,
423 963 484 1025 quo
506 949 556 1021 (ut
583 941 725 1008 emrdtis
756 941 872 1011 ibisne
899 944 1069 1025 exemptum
1089 951 1241 1025 pronon)

144 1054 316 1124 Promethei
327 1054 521 1138 Aeschyleae
533 1055 649 1136 primos
665 1054 743 1119 duos
761 1053 873 1120 tendo?
916 1053 992 1122 Nam
1012 1071 1053 1118 ne
1075 1040 1143 1122 etun
1167 1071 1242 1121 ver-

144 1182 209 1228 sum
231 1165 467 1246 praemittamus,
492 1164 795 1246 quemallippoboto
807 1163 986 1245 Empedocli
1007 1164 1149 1231 inbutum
1172 1179 1243 1232 esee

145 1274 303 1360 Diogenes
326 1278 411 1340 notet
432 1273 510 1364 bnt,
532 1273 573 1338 43
590 1267 770 1356 Ἱππόβοτός
792 1276 828 1356 ye'
847 1274 894 1338 roi
915 1296 994 1359 φησι
1010 1275 1117 1356 λέγειν
1131 1271 1241 1354 Ἐμπε-

145 1385 260 1449 dorida

48 1485 55 1496 ’
351 1489 520 1576 Τήλαυγες,
542 1491 636 1554 κλυτὲ
659 1491 754 1572 κοῦρε
777 1491 919 1564 Θεανοῦς
939 1471 1143 1575 Πυθαγόρεῶ
1165 1513 1220 1574 τε,

146 1630 196 1694 vel
217 1635 386 1710 temporum
408 1628 487 1691 ratio
507 1625 683 1705 dissuadet,
706 1643 764 1706 qua
786 1626 950 1710 'leluugem
975 1627 1026 1690 vix
1048 1627 1241 1710 superstitem

145 1737 294 1804 credibile
316 1738 425 1817 luisse,
448 1736 559 1801 nedum
579 1736 721 1799 iuvenem
743 1739 889 1818 (κοῦρον)
910 1743 973 1803 ttun
996 1753 1064 1802 cum
1086 1736 1243 1817 Empedo-

146 1848 210 1912 cles
232 1847 271 1911 de
291 1846 383 1909 rebus
403 1845 538 1927 physicis
560 1863 673 1912 canere
697 1847 807 1928 coepit.
857 1847 921 1912 Nec
944 1847 1042 1932 magis
1066 1863 1171 1910 verum
1192 1852 1242 1908 ant

145 1957 333 2021 dubitatione
358 1973 479 2036 carens,
503 1955 596 2040 quod,
621 1973 689 2018 oum
719 1973 866 2038 nusquam
887 1974 943 2040 per
965 1962 1059 2020 totum
1083 1956 1242 2038 fragmen-

144 2071 243 2129 torum
267 2080 378 2146 corpus
403 2063 530 2128 duarum
553 2063 722 2146 pluriumve
740 2080 940 2144 personarum
958 2062 1161 2146 compellatio,
1185 2063 1239 2127 sed

146 2180 291 2239 constans
314 2173 404 2238 unius
427 2173 518 2238 obvia
541 2179 644 2253 esset,
674 2177 841 2254 praeeunte
863 2171 982 2236 Sturuio
1002 2189 1030 2252 p.
1048 2171 1121 2247 538,
1142 2171 1243 2255 Berg-

146 2283 215 2348 IIus
231 2284 262 2348 id
285 2301 436 2348 excusare
461 2284 574 2348 studuit
590 2284 780 2348 drehestrati
803 2283 928 2346 obscuri
947 2287 1057 2363 poetae
1075 2287 1242 2364 gastroma-

146 2395 217 2458 miei
239 2392 378 2475 exemplo
402 2404 447 2476 (p.
465 2396 540 2472 11),
576 2393 663 2455 euius
684 2391 814 2473 exempli
847 2397 878 2454 et
897 2390 1007 2454 raritas
1029 2395 1060 2454 et
1080 2390 1201 2454 novitas
1224 2408 1242 2454 a

145 2504 352 2588 comparando
380 2503 512 2568 debebat
538 2503 706 2566 deterrere.
760 2503 872 2566 Verum
902 2509 935 2565 ut
967 2500 1159 2565 admittamus
1182 2501 1242 2565 hoc

139 2613 379 2699 argumentandi
409 2629 507 2696 genus
526 2611 617 2676 valde
646 2611 811 2674 lubricum:
845 2611 1006 2691 quiequam
1031 2611 1104 2675 inde
1126 2611 1165 2674 ad
1184 2629 1243 2676 no-

145 2732 238 2790 stram
260 2725 471 2806 quaestionem
503 2721 585 2784 ellici
606 2738 710 2803 posse,
739 2721 770 2784 id
792 2741 867 2786 vero
888 2741 981 2808 nego.
1025 2724 1150 2788 Duobus
1172 2725 1265 2806 qui··

144 2834 216 2898 dem
238 2835 345 2899 amicis
367 2835 584 2898 Archestratus
607 2851 731 2897 carmen
762 2849 849 2896 suum
873 2833 911 2897 de
932 2833 1123 2917 gastrclogIa
1144 2834 1242 2898 misit:

147 2943 233 3006 cuins
255 2959 332 3024 quae
354 2943 531 3008 Athenaeus
560 2945 695 3008 servavit
722 2943 891 3026 fragmina,
925 2963 1030 3008 eorum
1050 2951 1167 3026 septem
1190 2963 1243 3008 ar-

145 3053 382 3138 gumentationis
416 3071 491 3118 suae
514 3052 741 3118 fundamentum
775 3073 845 3118 esse
868 3053 962 3118 voluit
981 3055 1150 3138 Bergkius:
1172 3055 1243 3136 qui·

102 3250 105 3256 ,
144 3163 201 3226 bus
224 3181 293 3226 cum
320 3162 359 3227 ad
381 3181 473 3227 unum
499 3165 627 3228 amleum
660 3181 834 3228 sermonem
864 3167 1003 3228 converti
1023 3165 1152 3246 videret,
1174 3165 1241 3228 iure

144 3272 265 3338 scilicet
282 3291 338 3338 sno
357 3275 430 3338 inde
451 3275 602 3339 conclusit
615 3275 754 3340 similiter
767 3282 914 3356 nostrum,
939 3277 988 3358 qui
1011 3293 1131 3356 seraper
1150 3292 1241 3339 unum

145 3384 321 3466 appellaret,
343 3404 466 3450 carmen
488 3386 606 3450 duobus
632 3384 804 3449 nominibus
829 3384 1034 3465 inscripsisse.
1058 3387 1099 3448 At
1120 3403 1160 3448 cx
1181 3383 1241 3448 illis

148 3499 264 3572 septem
289 3494 436 3574 exemplis
458 3495 517 3558 tria
538 3495 579 3568 ita
602 3501 672 3558 sunt
694 3499 879 3575 comparata,
905 3499 937 3556 ut
960 3493 1131 3576 compellati
1153 3495 1242 3558 amici

80 3627 87 3644 ·
148 3599 322 3664 adlunetam
345 3601 479 3665 habeant
500 3618 612 3666 nomen
637 3605 689 3678 ηε
711 3604 742 3664 in
771 3601 833 3684 quo'
852 3602 927 3666 nihil
953 3603 1072 3686 opinor,
1097 3604 1171 3668 novi
1193 3609 1243 3668 aut

148 3796 199 3808 .....

244 3901 272 3972 ⁴l)
292 3903 389 3956 Athen.
404 3901 440 3954 lll
455 3915 481 3982 p.
503 3902 549 3954 111
567 3899 604 3954 Fe

342 4025 442 4096 πρῶτα
462 4023 517 4094 μὲν
536 4017 587 4080 οὖν
607 4022 709 4096 δώρων
731 4023 914 4098 μεμνήσομαι
931 4023 1070 4098 ἠϋκόμοιο

341 4121 497 4192 Δήμητρος,
519 4123 583 4191 ‹ptl's
603 4120 712 4190 Μόσχε,
736 4117 770 4172 σὺ
791 4120 815 4176 d'
834 4123 865 4176 ἐν
883 4125 972 4192 φρεσὶ
990 4123 1089 4192 βάλλεο
1109 4127 1205 4198 opatu:

144 4242 188 4300 ubi
208 4241 278 4314 quod
300 4239 397 4310 legitur
415 4249 476 4308 post
494 4255 588 4294 namen
607 4238 746 4308 personale
764 4231 800 4296 cri
825 4239 869 4308 tt,
889 4242 991 4298 accedit
1010 4243 1132 4300 idoneum
1149 4257 1239 4296 exem·

143 4341 214 4415 plum
234 4339 352 4412 alequas
371 4352 448 4408 supra
463 4338 496 4392 de
512 4338 561 4392 hoc
579 4353 628 4390 usu
646 4336 765 4390 distmns.
