2854 4734
149 527 226 594 invit
244 546 281 594 ae
299 529 489 612 propagavit.
512 530 572 594 lles
596 535 695 594 autem
716 529 793 593 haec
816 536 872 593 est.
906 529 1107 594 Meminerant
1127 529 1246 594 scilicet

148 637 367 718 Parmeniden,
384 655 473 720 quem
492 639 622 704 mnxime
643 639 702 704 sibi
724 639 953 720 exprimendum
971 638 1127 724 delegisse
1149 639 1246 704 fertur

149 747 370 830 Empedocles,
399 765 522 812 carmen
543 765 630 812 suum
652 743 874 832 περὶφύσεως
897 748 938 812 ita
966 748 1147 829 instituisse,
1164 753 1196 810 ut
1215 748 1246 810 in

146 857 307 940 prooemio
337 856 508 921 divinarum
534 856 688 942 virgiuum
713 874 771 938 ope
794 856 883 920 evehi
912 876 949 922 se
980 873 1072 921 curru
1094 856 1134 921 nd
1156 856 1245 938 deae,

150 973 183 1031 ut
210 967 349 1048 videtur,
371 966 508 1031 veritatis
529 967 671 1048 templum
697 965 836 1052 lingeret,
859 967 896 1031 ab
918 985 955 1031 ea
975 967 1109 1050 benigne
1131 959 1169 1030 nc
1190 985 1248 1030 co-

152 1075 242 1141 miter
269 1075 368 1157 excipi
400 1093 596 1158 summaeque
629 1076 797 1157 sapientiae
831 1075 955 1140 decreta
986 1075 1027 1139 itn
1049 1075 1197 1154 edoceri,
1216 1081 1249 1138 ιιι

149 1192 274 1268 praeter
299 1186 489 1267 prooemium
516 1192 610 1248 totum
638 1203 761 1250 carmen
790 1185 867 1250 deae
892 1202 947 1248 orc
967 1183 1156 1263 funderetur,
1181 1183 1248 1264 ipse

151 1294 262 1359 docilis
284 1293 406 1359 auditor
426 1293 507 1358 illius
530 1294 687 1360 suadelam
714 1295 907 1358 auscultaret.
951 1295 1012 1356 lam
1035 1293 1065 1357 in
1088 1293 1186 1357 nostri
1209 1293 1249 1356 de

150 1403 241 1469 simili
264 1422 301 1468 re
315 1403 450 1468 carmine
472 1404 564 1469 obvia
584 1406 689 1469 Musae
716 1404 887 1485 imploratio
919 1411 998 1483 [vss.
1036 1404 1184 1483 13-15),
1208 1401 1247 1466 ad

152 1529 241 1597 quam
264 1531 283 1577 a
305 1520 477 1580 ceterorum
505 1512 633 1579 deorum
664 1513 886 1596 supplicatione
921 1515 1140 1592 (vss.ll.19)
1171 1529 1250 1577 oon-

149 1644 258 1692 versus
279 1627 363 1708 petit,
384 1632 418 1690 ut
435 1626 588 1690 concedat
608 1627 668 1690 sibi
689 1625 976 1707 eapronuntianda,
1001 1641 1079 1705 quae
1100 1624 1249 1688 humanas

152 1753 242 1801 aures
256 1735 396 1814 deceant,
410 1742 502 1817 utque
514 1736 584 1800 talia
594 1737 659 1818 ipsa
672 1755 778 1801 currus
793 1737 896 1799 divina
911 1737 1017 1818 auriga
1030 1734 1251 1800 aVerecundia

152 1846 293 1912 advelat.
349 1845 461 1926 Vides,
483 1849 611 1930 opinor,
646 1865 735 1929 quam
756 1849 860 1911 omnia
882 1845 1041 1929 praeclare
1067 1845 1249 1910 concinant:

149 1973 230 2036 nam,
252 1961 285 2018 ut
308 1962 412 2020 cetera
434 1955 618 2038 discrepent,
642 1974 748 2020 numus
763 1963 847 2020 certe
871 1956 960 2020 adest
980 1973 1040 2019 nec
1062 1961 1162 2037 potest
1182 1955 1251 2018 sine

151 2065 247 2129 divini
270 2065 389 2129 itineris
410 2065 539 2130 consilio
554 2063 674 2128 adesse.
718 2065 913 2128 Parmenides
929 2065 1052 2146 quidem
1074 2064 1152 2128 deae
1175 2080 1250 2128 suae

150 2175 338 2240 maiestatem
355 2193 417 2239 non
441 2175 570 2241 detrusit
591 2175 630 2240 nd
645 2174 807 2239 rhedariae
824 2174 1035 2254 ministerium,
1060 2189 1159 2255 neque
1181 2190 1248 2236 eam

151 2285 318 2364 invocavit,
340 2290 372 2348 ut
393 2285 503 2368 vulgus
524 2291 693 2367 poetarum,
717 2283 773 2348 sed
796 2283 900 2347 divino
922 2281 1054 2365 quodam
1077 2283 1188 2364 impetn
1210 2279 1249 2344 ad

150 2392 257 2459 sedem
278 2393 344 2458 eius
366 2393 501 2458 sublatus
535 2383 582 2457 est
590 2416 599 2472 3
633 2411 692 2457 nec
722 2411 797 2457 vero
828 2393 987 2458 admiscuit
1008 2391 1098 2455 amici
1129 2391 1250 2456 amico-

149 2521 257 2569 rumve
272 2503 390 2585 abipso
405 2501 623 2584 appellatorum
638 2510 798 2582 personas,
812 2509 845 2566 ut
856 2521 950 2584 saepe
970 2500 1151 2580 haesitares,
1164 2501 1249 2565 cuius

150 2629 266 2676 exvore
295 2613 457 2692 exciperes
488 2610 658 2673 orationem
688 2626 788 2689 quove
809 2627 846 2674 en
869 2611 1063 2694 dirigeretur.
1106 2609 1148 2671 Αι
1169 2607 1250 2671 eninr
1269 2617 1278 2632 '·

149 2720 308 2803 argutiora
328 2718 404 2782 ista:
426 2718 521 2799 potuit
543 2717 623 2782 enim
647 2723 737 2799 poeta
769 2718 923 2800 aliquanto
946 2738 963 2782 a
987 2717 1175 2783 Parmenidis
1203 2717 1251 2780 si·

148 2829 318 2894 militudine
350 2827 516 2892 deflectere
538 2835 568 2892 et
591 2827 733 2908 debebat,
757 2846 796 2892 ne
820 2829 958 2909 pressius
987 2829 1086 2894 aliena
1118 2826 1250 2910 vestigia

149 2939 265 3022 legisse
292 2936 457 3003 videretur.
501 2939 565 3002 Neo
589 2955 747 3020 repugno,
772 2938 954 3017 dummodo,
976 2957 1065 3020 quam
1086 2945 1119 3002 tu
1139 2943 1250 3022 poetae

153 3047 298 3132 impingis
320 3050 425 3113 Musae
446 3048 572 3128 larvam,
595 3067 634 3112 ne
649 3047 701 3111 ille
720 3049 876 3129 inopinato
899 3050 1041 3113 excutiat.
1061 3050 1180 3114 Etenim
1201 3055 1250 3126 (ιιι

147 3158 271 3224 tandem
293 3159 376 3225 serio
397 3157 521 3240 loquar)
548 3157 662 3223 accidit
683 3158 757 3222 viris
780 3159 927 3242 egregiis,
952 3176 1011 3239 quo
1032 3158 1123 3224 valde
1144 3157 1248 3222 dubito

148 3287 188 3336 ou
208 3269 370 3354 quicquam
400 3268 531 3351 lepidius
562 3269 594 3333 in
625 3269 685 3333 hoc
703 3287 820 3352 genere
841 3269 972 3349 potuerit
993 3267 1146 3334 accidere.
1188 3268 1248 3332 Res

147 3381 214 3464 ipsa
244 3381 366 3464 quidam
394 3387 463 3462 post
484 3380 625 3445 inventos
654 3379 828 3462 nuperrime
859 3379 889 3440 in
911 3376 1063 3462 Hippolyti
1096 3377 1249 3461 αἱρεσὲων

147 3491 265 3575 ἐλέγχῳ
286 3490 344 3553 hos
358 3507 467 3552 versus
487 3487 687 3567 (338-341)

288 3599 320 3661 εἰ
338 3595 399 3678 γὰρ
417 3600 600 3682 spencerus
620 3599 720 3662 ἕνεκέν
740 3600 774 3660 τί
792 3620 853 3681 σοι,
874 3589 1014 3680 ἄμβροιε
1029 3601 1164 3678 Μοῦσα,

293 3703 445 3788 ἡμετέρης
465 3701 575 3786 ἔμελεν
595 3708 726 3786 μελέτας
749 3704 802 3770 ded
828 3711 998 3794 φροντίδος
1018 3710 1135 3789 ἐλθεῖν,

291 3815 453 3902 εὐχομένῳ
478 3816 534 3878 νῦν
556 3803 632 3878 αὖτε
652 3816 842 3899 παρίστασο,
866 3811 1085 3894 Καλλιόπεια,

289 3923 378 4010 α’μφί
397 3924 481 3987 θεῶν
501 3914 656 4006 μακάρων
679 3921 803 4004 α’γαθόν
825 3919 917 4006 λόγον
939 3921 1134 4006 ἐμφαίνοντι,

148 4048 212 4096 non
244 4031 303 4096 iam
342 4049 411 4096 esse
433 4031 524 4096 dubia
545 4037 661 4112 potest:
691 4033 801 4114 quippe
829 4033 936 4114 quibus
963 4038 1054 4113 poeta
1074 4051 1163 4115 quam
1186 4035 1245 4099 sibi

145 4146 262 4224 partem
285 4157 436 4221 quamque
456 4140 561 4204 Musae
595 4141 764 4224 delegerit,
794 4142 862 4206 luce
886 4141 997 4206 clarius
1018 4141 1078 4206 fiat.
1122 4144 1182 4209 Sed
1206 4163 1246 4207 ne

150 4255 241 4316 antea
264 4247 385 4332 quidem
408 4249 464 4312 luit
490 4248 568 4318 ullus
589 4249 764 4334 ambigendi
792 4248 890 4316 locus.
941 4251 1009 4318 Non
1030 4239 1138 4336 urgeo,
1161 4252 1244 4336 quod

147 4355 521 4441 mwffifflm
