2854 4734
639 353 849 416 ...21-

340 529 383 612 oie
404 533 440 598 ot
461 531 536 616 παρ’
559 527 714 616 ἡμετέρης
735 533 859 596 κέλεται
882 524 1069 622 πιστόμαπα
1086 527 1235 616 Μούσης.

340 642 413 730 γαίῃ
434 641 572 728 μὲνγὰρ
594 647 690 722 μαῖαν
711 636 895 722 ὀπώπαμεν,
920 633 1012 706 ὕδατι
1035 642 1065 705 δ’
1087 635 1187 726 ὕδωρ.

341 757 398 820 onia
418 749 502 818 ἔστιν
521 746 696 816 maldonci?
718 749 784 815 οὐδ’
807 749 1025 836 ὀφθαλμοῖσιν
1048 749 1177 838 ἐφικτὸν

339 863 504 950 Ιἡμετέροις
525 854 546 946 ἢ
566 858 660 945 χερσὶ
680 865 789 943 λαβεῖν
811 865 873 926 κτλ.

203 1045 265 1092 non
282 1031 410 1110 possunt
433 1042 495 1088 non
518 1044 536 1089 a
554 1023 675 1087 mortali
697 1023 770 1086 dicti
794 1041 874 1088 esse.

298 1165 339 1228 At
368 1179 427 1245 quo
459 1161 581 1257 tandem
610 1177 686 1224 sexu
708 1178 806 1242 quave
838 1166 965 1226 maturae
985 1161 1077 1226 foeda
1099 1161 1296 1246 ambiguitate

199 1281 286 1358 putas
309 1274 430 1340 doctam
451 1272 540 1336 istam
562 1272 677 1337 llusam
700 1271 806 1352 luisse,
829 1291 846 1336 a
869 1267 930 1354 qua
949 1272 999 1336 vel
1020 1273 1100 1336 hunc
1124 1291 1271 1338 versum·

199 1409 242 1476 43
939 1407 1134 1489 δαςδαίμονα
1156 1401 1298 1488 πότμον,

338 1509 361 1602 ἧ
381 1520 475 1599 θέμις
496 1513 575 1598 ἐστι’,
598 1519 742 1598 καλοῦσι,
763 1515 849 1604 νόμῳ
874 1518 901 1581 δ’
923 1515 1061 1602 ἐπίφημι
1081 1522 1135 1584 καί
1156 1514 1295 1597 αὐτός,

197 1653 421 1738 pronuntiatum
447 1669 517 1718 esse
539 1652 694 1728 dictitant,
717 1652 766 1716 vel
788 1652 869 1715 hune

198 1792 239 1855 58
377 1759 540 1874 'accepta
561 1781 671 1871 ἑτέρας
692 1778 817 1874 ἑτέρῃσι
837 1809 885 1869 πρ
897 1781 964 1861 οςά
974 1811 995 1848 π
1006 1809 1098 1867 των,

197 1899 246 1963 vel
265 1898 347 1964 hanc

342 2004 384 2082 ὥς
395 2004 455 2090 yo'p
469 2007 525 2069 καί
537 2007 612 2090 πρὶν
631 2002 731 2087 itanu,
745 2003 994 2090 πιφαύσκων
1014 2009 1149 2088 πείρατα
1170 2003 1298 2088 μύθων,

197 2144 247 2208 vel
264 2143 397 2224 denique
416 2142 497 2208 huno

201 2278 260 2342 170
344 2270 399 2338 πᾶν
414 2275 566 2358 πρότερον
581 2272 742 2348 κατέλεξα,
757 2268 839 2360 λόγῳ
853 2270 945 2356 λόγον
965 2273 1047 2348 eigo
1055 2296 1120 2357 χει
1131 2297 1144 2338 e
1155 2274 1173 2338 ri
1185 2297 1299 2372 comt-¹-

198 2409 267 2474 Non
288 2407 437 2488 reveniat,
458 2423 560 2490 spero,
583 2405 669 2472 llusa
698 2408 854 2492 magister.

297 2521 422 2584 Inventa
454 2517 549 2604 igitur
576 2522 722 2580 colomnae
752 2520 873 2598 formae
898 2515 988 2598 nola,
1025 2534 1087 2580 non
1116 2523 1217 2599 potest
1237 2516 1298 2584 iam

199 2650 267 2696 cum
291 2630 330 2696 de
355 2628 456 2693 multis
468 2628 609 2693 versibus
623 2627 764 2709 dubitari,
788 2629 860 2710 quin
886 2626 1094 2692 alustralibus
1112 2626 1297 2712 seiungendi

198 2741 259 2806 sint
292 2749 377 2818 (nam
411 2739 442 2802 in
475 2737 622 2822 physica,
657 2738 801 2820 quoniam
837 2755 943 2802 eorum
974 2743 1154 2824 argumenta
1176 2737 1299 2806 aliunde

196 2855 356 2929 constant,
391 2849 492 2912 minor
520 2848 609 2912 huius
633 2848 822 2930 quaestionis
852 2866 923 2931 pars
949 2848 1047 2926 eadit)
1072 2854 1134 2912 tum
1158 2847 1197 2912 de
1218 2865 1298 2912 non.

197 2960 288 3024 nullis
310 2958 470 3038 versibus,
494 2958 565 3040 quin
597 2958 657 3021 huc
677 2958 859 3040 pertineant,
881 2957 964 3021 velut
994 2959 1033 3021 de
1055 2974 1117 3020 vss.
1140 2957 1298 3038 366—68,

195 3068 268 3132 428.
294 3069 344 3146 29,
371 3066 529 3146 440-43,
557 3066 630 3129 445.
654 3066 705 3130 46.
748 3069 861 3130 Verum
885 3067 1007 3148 quando
1030 3083 1092 3129 uon
1113 3065 1215 3129 omnia
1236 3067 1302 3130 lra-

198 3181 323 3259 gmenta
336 3193 403 3238 eam
411 3181 514 3236 notam
527 3175 705 3254 impressam
716 3175 839 3254 habent,
856 3175 978 3258 longius
992 3176 1081 3240 etiam
1092 3174 1301 3257 progredien-

201 3285 272 3350 dum
285 3281 652 3363 circumspiciendumque
664 3288 721 3362 est,
735 3288 768 3344 ut
781 3283 840 3346 iam
853 3283 1021 3362 argumenti
1033 3282 1165 3364 aliquam
1180 3301 1302 3368 cogna-

198 3395 313 3458 tionem
335 3391 551 3472 enucleemus,
584 3389 670 3456 ouius
693 3391 940 3471 necessitudine,
976 3398 1049 3474 quot
1068 3392 1240 3476 fragmenta
1261 3393 1300 3457 ad

197 3502 341 3568 lustralia
362 3501 546 3585 pertineant,
566 3501 830 3584 comprehendere
852 3503 1014 3585 possimus.
1059 3503 1135 3568 Nam
1159 3503 1198 3568 de
1218 3502 1300 3588 play·

199 3613 274 3678 sicis
297 3629 337 3676 ne
360 3612 441 3676 haue
462 3613 674 3693 quaestionem
702 3611 893 3676 instituamus
924 3629 991 3676 cum
1019 3612 1109 3695 spatii
1131 3613 1300 3696 angustiae,

199 3729 262 3788 tum
281 3722 342 3788 hoc
363 3721 501 3805 inprimis
524 3722 670 3803 deterret,
695 3722 797 3805 quod,
818 3740 896 3805 quae
918 3724 997 3788 intra
1018 3739 1125 3787 eorum
1144 3723 1221 3788 lines
1245 3742 1303 3787 ca·

200 3833 275 3898 dere
296 3833 417 3916 possint
437 3849 561 3913 necne,
585 3840 709 3915 propter
730 3833 865 3915 ipsorum
898 3832 1124 3914 amplitudinem
1145 3850 1208 3897 non
1229 3831 1303 3898 licet

198 3943 315 4024 liquido
345 3943 508 4008 allirmare.
563 3943 603 4006 At
640 3943 807 4007 lustralium
841 3948 1052 4026 argumentum
1081 3949 1113 4006 et
1141 3943 1302 4008 consilium

200 4051 294 4117 multo
317 4052 476 4136 angustius
502 4052 714 4134 definitiusquc
737 4054 844 4132 luisse,
865 4060 972 4118 nostro
995 4054 1061 4116 iure
1086 4059 1300 4134 expectamus:

204 4176 384 4244 quamquam
407 4161 439 4223 id
461 4167 521 4224 tam
537 4162 685 4226 incertum
698 4161 798 4226 adhuc
819 4161 961 4244 nullaque
986 4166 1112 4242 aparte
1135 4158 1298 4224 stabilitum

204 4278 345 4357 vagatur,
368 4276 418 4351 nt,
442 4289 510 4335 oum
526 4271 565 4336 de
579 4273 728 4354 singulari
745 4272 874 4354 quadam
893 4289 928 4336 re
945 4270 1039 4334 luisse
1061 4269 1298 4331 consentaneum

201 4382 250 4467 sil,
278 4401 318 4452 ne
339 4381 431 4448 multa
452 4380 626 4463 temptando
647 4401 665 4446 a
686 4399 721 4447 re
743 4381 809 4464 ipsa
828 4380 1016 4459 aberremus,
1035 4376 1075 4441 sit
1095 4362 1297 4435 metuendum·
