2854 4734
192 511 341 581 &ms
373 509 459 576 unde
490 508 578 574 slmul
606 513 669 573 noir
694 507 851 572 dubitasse
869 505 953 571 illum
986 505 1023 569 in.
1041 520 1128 571 sunm
1151 503 1292 590 prame

195 637 321 688 sensnm
340 619 507 698 delectere
529 619 642 702 patebit
663 629 707 697 (v.
721 619 852 686 Krische
873 617 894 681 l.
916 617 982 696 d.);
1005 617 1086 700 quod
1107 617 1219 684 moneo
1240 635 1291 699 ne,

195 713 264 794 sum
284 727 479 811 physicarum
505 745 607 792 rerum
630 726 851 808 explicationes
880 745 899 797 a
920 725 1051 792 serioris
1081 726 1189 794 tombs
1212 728 1292 796 sori.

196 837 333 920 ptoribus
366 836 547 918 saepissime
575 853 648 900 essa
662 853 694 917 e
719 835 893 900 Stoicorum
926 836 1153 903 commentariis
1184 837 1294 918 politas

200 950 334 1020 constet,
354 962 395 1012 us
412 945 465 1012 tali
486 945 580 1029 igitur
599 944 773 1009 auctoritati
795 945 955 1010 savariora
983 963 1041 1012 nos
1061 945 1215 1031 religione
1236 945 1296 1010 ad·

200 1056 396 1141 octogamis.

298 1162 465 1238 Quominus
488 1166 589 1226 autem
609 1160 670 1226 iam
690 1177 773 1224 nuno
794 1161 833 1224 de
856 1160 1048 1245 fragmentis,
1073 1159 1152 1245 puae
1175 1183 1194 1228 e
1215 1162 1296 1247 play-

197 1276 271 1341 slois
289 1292 358 1340 esse
373 1273 544 1352 videantur,
568 1271 768 1353 disponendis
783 1271 899 1354 liquido
921 1273 1072 1355 possimus
1094 1289 1189 1357 agere
1206 1273 1298 1338 item-

198 1403 257 1468 que
276 1382 445 1449 lustralium
464 1381 603 1446 rationes
625 1397 791 1462 exponere,
813 1380 940 1462 impedit
961 1381 1127 1467 singularis
1150 1382 1298 1464 quaedam

198 1495 444 1580 fragmentorum
472 1489 631 1555 conditio:
667 1490 750 1571 quod
784 1507 851 1554 cum
878 1491 1036 1573 utriusque
1067 1493 1214 1556 carnums
1235 1509 1298 1556 non

198 1611 246 1670 sat
266 1603 413 1669 adcurate
435 1601 629 1682 disperarent
643 1599 780 1669 editores
801 1607 1010 1683 argumentum
1029 1607 1060 1664 et
1081 1602 1221 1682 formam,
1243 1621 1301 1666 re·

201 1726 269 1780 rum
286 1719 406 1778 temere
437 1710 627 1790 miscerent,
651 1709 754 1774 evenit
773 1715 806 1772 nt
830 1709 1040 1775 diversissima
1063 1727 1201 1793 quaeum
1222 1728 1302 1774 con-

202 1822 435 1906 glutiuarentur.
492 1819 589 1895 Quem
619 1820 651 1882 iu
682 1818 784 1882 boum
806 1835 870 1885 non
895 1819 965 1884 leve
997 1837 1165 1885 exerrare
1187 1821 1242 1885 illo
1263 1823 1302 1887 de
1385 1871 1390 1886 ι

203 1931 370 1994 carminum
392 1929 507 1994 unimte
531 1945 623 2010 supra
641 1928 760 1992 reiecto
780 1928 954 1994 redundare
976 1929 1120 1995 debuisse
1134 1929 1304 1996 detrimen-

207 2043 269 2102 tum
290 2038 425 2120 quisqnis
447 2037 541 2102 videt.
584 2038 622 2101 Et
643 2037 683 2101 de
702 2037 839 2119 physicis
861 2056 924 2104 non
946 2045 1028 2105 esset
1046 2039 1107 2104 ulla
1128 2038 1303 2104 haesitandi

205 2147 342 2228 occasio,
366 2147 437 2227 nisi,
462 2163 525 2229 quo
545 2163 582 2211 ea
603 2146 844 2213 necessitudinis
866 2147 987 2216 vinculo
1005 2147 1181 2214 lustralibus
1202 2147 1304 2213 conti·

205 2261 371 2336 uersatur,
404 2271 467 2319 nen
503 2271 601 2338 vagus
637 2255 737 2336 magis
768 2253 968 2336 incertusque
1008 2257 1160 2324 obtineret
1198 2275 1305 2324 rumor

207 2384 296 2448 quam
329 2364 453 2429 debuita
487 2363 649 2430 sententia.
703 2363 788 2427 liaeo
820 2363 920 2445 enim,
951 2383 1030 2447 quae
1057 2367 1143 2432 titulo
1171 2369 1210 2432 ad
1237 2387 1306 2452 my·

206 2476 301 2540 sticm
328 2473 378 2539 ael
402 2472 607 2540 scammoniae
639 2472 688 2537 rel
718 2471 888 2538 doctrinam
909 2473 1066 2556 pertinere
1087 2477 1241 2557 videntur,
1263 2477 1306 2543 lta

203 2584 446 2650 testimoniam
472 2582 629 2665 praesidio
657 2583 800 2648 destituta
831 2590 919 2666 sunt,
948 2591 981 2649 at
1010 2585 1071 2650 nisi
1102 2605 1121 2651 e
1151 2586 1307 2671 fragmen.

201 2693 242 2760 tis
271 2693 316 2760 uil
342 2693 409 2758 fere
439 2691 538 2774 possit
567 2690 606 2757 de
639 2691 686 2756 eis
715 2692 870 2760 affirmari.
921 2684 1008 2770 Quae
1036 2695 1158 2778 quidem
1187 2703 1238 2779 (ut
1266 2715 1307 2763 ue

202 2801 285 2870 hnc
305 2802 428 2885 midam
453 2801 572 2866 amoris
586 2799 669 2864 illius
693 2807 810 2883 partem
831 2802 976 2874 intactam
997 2804 1219 2888 relinquamus)
1240 2826 1309 2873 ma-

202 2912 404 2978 nifestissime
438 2916 564 2992 apparet
591 2928 655 2974 non
680 2910 777 2976 fuisse
805 2911 1002 2994 physicarum
1033 2913 1142 2980 librum
1173 2915 1306 2999 tertium,

205 3038 294 3102 quem
316 3021 470 3086 derebus
491 3019 602 3084 divinis
622 3020 719 3085 fuisse
747 3026 777 3082 et
799 3027 920 3085 constat
943 3029 973 3087 et
993 3026 1092 3110 magis
1114 3025 1204 3090 etiam
1230 3026 1307 3092 alias

206 3127 366 3207 probabile
386 3127 447 3192 fiet.
490 3125 623 3207 illerum,
644 3133 678 3190 ut
699 3128 759 3192 alia
774 3128 899 3210 mittam,
920 3132 1012 3196 ctiam
1033 3149 1115 3196 nuno
1136 3135 1168 3198 id
1190 3153 1306 3217 prooe-

207 3235 301 3305 mium
322 3238 486 3317 superest,
513 3235 597 3317 quod
629 3253 694 3298 non
723 3237 822 3317 possit
850 3237 911 3304 nisi
927 3240 960 3302 ln
992 3243 1136 3308 carminis
1157 3244 1307 3326 principio

209 3345 395 3412 collocatum
416 3344 533 3410 fuisse:
555 3343 647 3410 buius
666 3363 744 3410 vero
763 3345 834 3410 libri
855 3347 906 3429 qui
929 3347 1099 3430 principem
1119 3349 1221 3414 locum
1245 3352 1305 3415 ob·

204 3456 362 3522 tinuerunt
383 3473 514 3537 umens,
544 3473 642 3538 nuper
672 3463 772 3522 autem
798 3456 918 3522 domum
947 3439 979 3522 in
1008 3459 1107 3525 lucem
1129 3461 1309 3545 prodierant

206 3566 411 3649 (suu-341)
433 3583 497 3630 uon
521 3585 616 3649 posse
635 3567 695 3632 ulla
716 3567 856 3634 machina
878 3585 947 3634 oum
970 3569 1088 3636 illorum
1108 3573 1206 3639 forma
1229 3591 1309 3640 oon-

205 3677 323 3746 sociari
341 3696 413 3743 mon
435 3677 576 3742 elucebit.
621 3679 683 3744 lam
705 3697 760 3743 eos
780 3679 1111 3766 locoscomponamus,
1132 3685 1183 3766 qui
1205 3687 1307 3750 inra-

205 3787 325 3852 teribus
346 3788 469 3869 scriptis
502 3787 669 3854 lustralium
699 3791 877 3854 memoriam
905 3792 1085 3872 continent,
1107 3793 1309 3862 exclusisset

206 3895 312 3962 dilatis
335 3898 457 3978 potins,
479 3899 652 3980 quicunque
671 3898 834 3967 obscuram
858 3899 1009 3980 quandam
1042 3906 1133 3983 atque
1154 3905 1309 3986 interpre-

204 4003 302 4070 tando
325 4005 445 4068 demum
466 3996 633 4072 eruendam
654 4007 910 4088 significationem
931 4025 1037 4072 eorum
1059 4009 1175 4076 babere
1197 4013 1308 4077 viden·

204 4123 267 4182 tur.
312 4115 341 4175 A
363 4113 487 4186 Platone
517 4123 548 4185 ct
570 4115 746 4196 Aristotele,
777 4115 856 4198 apud
883 4133 960 4198 quus
980 4118 1175 4200 Empedoclis
1195 4137 1308 4183 nomen

14 4269 15 4290 ι
202 4224 422 4320 perfrequens,
439 4243 480 4293 ne
494 4225 692 4302 nominantur
704 4224 837 4308 quiderm
853 4227 1034 4296 lleraolidas
1053 4233 1153 4293 autem
1164 4225 1308 4291 Ponticas

14 4341 15 4350 ’
111 4355 113 4360 ·
205 4339 318 4426 (Diog.
340 4334 418 4418 lllll,
431 4333 487 4416 61)
500 4335 692 4418 ..principium
705 4335 813 4419 attulit,
826 4341 860 4402 ut
881 4336 1033 4405 medicum
1053 4343 1213 4417 vatemque
1233 4331 1307 4402 iude

1001 4633 1131 4674 unsih.
1182 4624 1223 4654 ⁴¹¹
1257 4627 1286 4646 ''
