2854 4734
560 329 771 396 ..12-

130 511 160 576 d’
182 509 215 591 ll}
232 507 343 576 Ἀΐδαο
365 509 609 596 καταφθιμένου
628 512 720 590 μένας
743 506 871 596 ἀνδρὸς)
894 508 975 576 haud
998 509 1159 577 obscuram
1181 511 1222 576 il-

125 619 184 686 lius
208 618 348 686 medelae
376 619 634 704 significationem
659 619 812 701 continet,
834 622 972 704 quamsi
993 621 1135 686 Ponticas
1156 621 1222 704 ipse

124 749 142 796 e
165 729 312 814 peculiari
325 728 520 812 Empedoclis
543 729 622 794 lihro
645 729 815 810 didicisset,
837 730 970 795 absurde
992 731 1132 812 proiecto
1145 731 1225 796 Pau'-

86 904 88 912 ,
121 839 229 906 suniae
251 839 443 921 disciplinam
465 846 745 904 commemorasset.
789 840 866 904 Huic
884 847 985 904 autem
1006 858 1073 904 cum
1095 841 1222 905 missum

90 970 97 1069 ἰ
123 970 194 1018 esse
215 969 339 1017 carmen
360 951 520 1035 physicum
544 957 666 1016 constet
688 961 733 1030 (a.
760 951 868 1034 inira),
889 969 1002 1015 novum
1025 951 1085 1016 iam
1107 951 1224 1015 subna-

94 1062 218 1128 tscitur
252 1066 485 1146 argumentum,
510 1077 566 1124 cur
587 1060 728 1126 versibus
760 1060 819 1125 illis
845 1061 876 1124 ia
899 1061 959 1126 hcc
982 1061 1117 1125 carmine
1138 1065 1224 1124 recte

129 1171 307 1238 vindicasse
329 1171 436 1238 sedem
456 1169 615 1237 uideamur
635 1172 683 1247 it).

216 1297 287 1363 lam
308 1316 347 1363 ea
380 1297 578 1379 devenimus,
613 1315 673 1380 qao
704 1315 850 1362 summam
892 1297 982 1362 huius
1010 1297 1222 1380 disputationis

122 1407 300 1474 direximus.
342 1407 419 1472 Nam
436 1425 558 1470 cannen
571 1407 730 1489 physicam
749 1424 888 1490 quaeque
906 1412 1055 1473 vocentur
1071 1408 1222 1490 lustralia,

126 1533 254 1600 quorum
274 1521 389 1582 tantum
410 1515 488 1580 tituli
510 1517 542 1580 in
565 1517 714 1602 Diogenis
736 1516 910 1598 Suidaequc
938 1516 1088 1601 catalogis
1110 1521 1224 1596 extant,

123 1645 161 1692 ea
186 1627 283 1692 tuisse
312 1627 346 1690 in
376 1626 488 1712 vulgas
509 1632 612 1690 natam
636 1633 704 1706 est,
735 1627 844 1708 quibas
878 1625 1076 1708 philosophus
1107 1643 1162 1690 saa
1185 1626 1224 1690 de

53 1765 57 1774 ·
124 1737 217 1804 relius
237 1736 350 1801 divinis
362 1736 562 1818 humanisque
583 1736 631 1800 vel
645 1755 702 1800 sae
719 1736 845 1820 ingenio
868 1736 993 1800 inventa
1014 1735 1065 1799 vel
1086 1755 1125 1800 ex
1144 1735 1225 1800 aliu-

124 1864 193 1912 rum
215 1845 349 1912 inventis
370 1845 561 1910 conformata
585 1844 788 1930 consignavit.
812 1846 917 1927 Deque
942 1844 990 1909 his
1011 1861 1074 1908 non
1094 1845 1224 1928 exiguus

125 1961 172 2022 cst
201 1955 251 2021 vel
278 1954 521 2020 testimoniorum
551 1954 600 2019 uel
631 1955 871 2037 fragmentorum
899 1972 1064 2034 uumerus,
1089 1960 1131 2034 at,
1156 1973 1225 2018 cum

127 2070 218 2130 antea
239 2065 320 2129 inter
342 2064 551 2148 suspicionum
576 2043 883 2147 coniecturarumque
909 2064 1045 2128 incertos
1069 2063 1145 2128 fines
1167 2082 1226 2127 va-

126 2175 261 2260 gandum
285 2175 395 2255 fuerit,
425 2174 477 2238 hic
495 2175 556 2240 iam
576 2174 761 2240 firmioribus
793 2175 825 2238 in
848 2173 1053 2238 fundamentis
1075 2175 1151 2239 strui
1173 2192 1225 2238 ar.

125 2289 270 2370 gumenta
291 2301 418 2367 sperare
440 2285 542 2349 liceat.
587 2285 654 2362 Quo
675 2285 773 2368 magis
797 2285 920 2366 mirere,
944 2289 1087 2367 quantam
1110 2284 1170 2348 sibi
1194 2283 1226 2346 in

127 2395 188 2459 hoc
210 2394 281 2460 loeo
294 2393 478 2460 indulserint
502 2394 624 2478 quidam
645 2394 810 2460 licentiam.
824 2395 913 2460 Velut
929 2394 1141 2459 rrescio‘ande
1160 2394 1227 2464 cri-

128 2504 228 2574 uudus
251 2505 290 2572 de
311 2507 458 2592 φυσικῶν
479 2509 510 2568 et
531 2505 706 2586 καθαρμῶν
728 2504 809 2569 nulla
829 2505 889 2569 nisi
916 2505 1071 2568 titulorum
1093 2503 1229 2567 diversi&-

129 2621 192 2681 tete
212 2633 318 2681 rumor
338 2616 371 2679 in
393 2615 557 2696 plerasque
590 2631 706 2694 eoram,
729 2615 780 2696 qui
801 2613 841 2677 de
862 2614 991 2678 historia
1020 2613 1232 2696 philosophiae

130 2724 301 2810 generatim
327 2724 527 2805 scripserant,
551 2721 647 2787 libros
663 2724 797 2806 irrepsit,
822 2741 890 2787 cam
904 2723 1077 2788 incredibili
1098 2723 1230 2806 quedam

135 2833 235 2900 omnis
259 2833 418 2899 doctrinae
429 2833 655 2916 Empedocleae
675 2841 762 2898 recle
779 2834 1019 2920 cognoscendae
1035 2835 1231 2898 detrimento.

132 2943 188 3023 Cui
210 2949 311 3008 tamen
330 2944 447 3008 rumori
474 2943 576 3025 aliqua
610 2943 716 3008 saltem
738 2963 778 3007 ex
811 2949 897 3025 parte
919 2943 1075 3008 fulciendo
1099 2944 1142 3006 nil
1167 2945 1233 3008 iere

129 3059 231 3136 potest
249 3052 408 3118 admoueri
429 3053 489 3118 nisi
511 3054 661 3139 Diogenis
685 3053 842 3118 amborum
875 3055 1043 3119 carminum
1065 3054 1232 3138 singularis

132 3161 283 3246 quaedam
314 3161 485 3244 copulatio:
516 3168 547 3227 at
576 3162 663 3226 huius
694 3181 763 3226 cam
794 3163 896 3244 plures
920 3163 1039 3245 possint
1060 3163 1233 3248 excogitari

133 3271 283 3353 rationes,
303 3277 367 3336 tum
387 3271 438 3336 isti
458 3259 702 3356 interpretationi
724 3271 844 3336 intimas
868 3273 920 3336 aix
942 3273 1029 3362 locus
1050 3272 1228 3358 largiendas

128 3390 186 3450 est.
229 3383 316 3460 Quae
345 3382 417 3448 clim
442 3403 509 3447 cunr
532 3383 606 3448 mihi
637 3400 758 3465 quoque
787 3382 926 3447 mirificet
946 3381 1084 3464 placeret
1107 3383 1232 3448 omnia·
1330 3399 1341 3410 ·

132 3510 191 3576 que
211 3497 377 3572 tentarem,
399 3497 431 3554 ut
452 3493 526 3556 mihi
548 3491 607 3574 ipsi
628 3492 802 3574 probarem,
823 3509 914 3573 nunc,
936 3497 1095 3574 postquam
1115 3510 1152 3557 ea
1174 3509 1229 3574 spe

132 3617 260 3684 prorsus
283 3601 446 3666 frustrans
468 3617 557 3681 sum,
579 3601 699 3681 penitus
720 3601 953 3683 relinquendam
974 3619 1044 3667 esse
1065 3601 1138 3666 mihi
1161 3619 1235 3683 per-

134 3761 375 3784 ——fl-—l

235 3876 265 3951 ⁴)
284 3878 401 3932 Sturuiur
428 3893 541 3949 eamque
567 3877 651 3932 secati
672 3875 823 3930 llaretenias
848 3885 874 3929 et
899 3875 1027 3947 Derglriae
1054 3875 1162 3927 nimium
1186 3873 1235 3926 tri-

133 3973 247 4028 buerunt
264 3976 324 4043 eis,
353 3991 420 4045 qaae
447 3975 538 4030 lriarte
566 3975 642 4028 catal.
663 3973 755 4029 hlatrit.
776 3969 865 4042 pudo
884 3973 917 4026 de
934 3971 1150 4041 codiceqaedem
1172 3986 1235 4023 nar-

133 4072 209 4137 ravit,
227 4070 253 4122 in
272 4085 325 4140 que
338 4073 481 4140 praemiare
500 4071 551 4124 hec
571 4070 663 4124 titulo:
681 4071 873 4144 Ἐμπεδοκλῆς
891 4074 1047 4142 Παυσανίᾳ
1063 4068 1232 4142 ὑφηγήσατο

133 4172 165 4233 τὸ
187 4174 308 4240 dureris,
327 4175 451 4242 descripti
469 4181 529 4226 saut
546 4186 641 4226 nouem
655 4171 695 4224 illi
715 4185 815 4224 versas.
847 4170 890 4222 llil
909 4169 1236 4240 ampliuellmpedeeleam

137 4273 272 4326 continere
287 4285 345 4324 curn
357 4269 475 4326 codicem
491 4269 688 4324 miscellaneam
699 4277 739 4322 sat
758 4273 849 4336 aperte
869 4267 964 4320 indicet
981 4267 1081 4334 lrlarte,
1102 4266 1168 4319 haec
1186 4279 1235 4319 aa·

137 4376 188 4422 tem
209 4371 266 4440 ipsa
285 4368 416 4438 descripta
435 4381 494 4423 eree
512 4369 545 4421 de
563 4366 692 4437 Diogene,
710 4365 792 4420 verba
811 4363 914 4418 decent.
1041 4395 1044 4400 ι
