2854 4734
648 357 699 420 ..’
732 367 774 436 11
815 395 859 419 ..

202 567 375 624 revocasse
394 557 578 620 namverat
587 549 803 636 Empedoclem
826 552 865 617 de
889 564 986 634 eaqute
1001 544 1181 634 exposuisse
1202 550 1304 636 (ὕφη.

203 662 383 752 γήσασθαι)
419 664 561 730 familiari
591 681 646 728 suo
676 663 861 728 Pausaniae:
903 663 986 727 unde
1016 663 1171 744 proiectus
1200 661 1303 743 possis

205 777 383 858 respexisse
404 775 535 858 aliquem
556 774 637 838 illius
666 773 774 837 librum
806 777 913 856 putare
928 769 1146 850 Heraclidem,
1174 787 1302 854 cumque

204 885 304 950 nulus
335 885 485 950 eiusmodi
512 885 559 948 rei
594 883 795 968 exponendae
824 883 956 968 eogitari
977 882 1077 966 possit
1098 881 1197 962 aptior
1217 880 1304 946 locus

205 1015 295 1078 quam
318 996 357 1060 de
375 1014 411 1060 re
434 994 555 1059 medica
581 995 818 1074 commentatio,
854 994 951 1058 luisse
974 994 1055 1056 huno
1075 991 1184 1054 librum
1207 986 1297 1072 λόγον

205 1107 290 1170 illum
312 1101 453 1188 ἰατρικὸν
474 1105 672 1168 concludere.
705 1107 746 1168 At
765 1103 913 1186 peculiari
931 1103 1011 1166 libro
1032 1101 1212 1184 exposuisse
1229 1099 1304 1164 Em·

205 1215 366 1299 pedoolem
389 1213 556 1279 Pausaniae
588 1213 737 1279 exanimis
770 1211 903 1278 feminae
932 1213 1142 1290 sanationem,
1166 1225 1306 1291 nequee

204 1326 354 1410 Diogenis
374 1324 483 1413 ‘verbis
505 1321 576 1402 (aci
600 1326 774 1412 Παυσανίη
794 1319 1026 1408 ὑφηγήσασθαι
1049 1318 1147 1385 αὐτὸν
1168 1317 1208 1384 τὰ
1234 1315 1308 1404 aspi

207 1433 265 1520 τήν
287 1425 425 1514 ἄπνουν)
447 1432 647 1517 probabiliter
668 1433 749 1498 ellici
769 1439 888 1516 potest,
912 1450 971 1496 neo
993 1431 1117 1496 omulno
1137 1427 1307 1494 verisimile

209 1551 266 1630 est,
288 1545 412 1627 quando
437 1544 518 1608 idem
538 1543 717 1608 Heraclides
740 1562 787 1626 ap.
810 1543 903 1628 Diog.
924 1541 1000 1622 Vlll,
1029 1540 1070 1605 67
1091 1545 1207 1620 ramat,
1230 1540 1306 1606 Em·

204 1654 386 1738 pedoelem,
411 1659 570 1736 postquam
602 1653 747 1718 laminam
777 1653 809 1716 in
839 1651 932 1717 vitam
964 1649 1150 1716 restituisset
1173 1648 1307 1731 ideoque

205 1765 339 1830 omnium
371 1781 426 1826 ore
451 1762 677 1841 celebraretur,
711 1761 882 1826 instituisse
914 1779 982 1824 cum
1001 1759 1150 1824 Pausania
1176 1756 1306 1840 aliisque

206 1873 314 1938 amicis
334 1871 518 1938 sacrificium
546 1891 584 1936 ac
616 1871 728 1936 deinde
750 1877 902 1936 nocturno
933 1878 1071 1952 tempore
1103 1883 1143 1934 ex
1165 1886 1203 1934 eo
1227 1885 1308 1934 oon-

208 1998 299 2046 sessu
320 1982 421 2046 subito
444 1982 557 2046 iactum
575 1999 646 2047 esse
668 1982 839 2048 evanidum.
865 1982 960 2056 Quam
983 1977 1175 2044 historiolam
1197 1995 1307 2060 quam-

209 2091 257 2156 uis
276 2097 401 2172 propter
431 2091 642 2158 credulitatem
672 2091 793 2156 infamis
826 2091 969 2154 Ponticus
1004 2107 1067 2154 non
1095 2072 1311 2172 proposuisset

207 2199 369 2282 profecto,
395 2199 422 2263 si
449 2206 519 2264 ante
539 2200 647 2265 oculos
670 2199 821 2278 habebat,
855 2199 905 2279 qui
925 2205 997 2279 post
1017 2198 1100 2263 illam
1119 2197 1311 2263 sanationem

210 2309 403 2391 conscriptus
428 2316 533 2390 esset,
563 2309 685 2374 librum.
745 2307 806 2372 Sed
831 2307 969 2370 morbum
992 2308 1075 2372 illum
1097 2309 1220 2373 curiose
1244 2315 1312 2374 tra-

212 2423 298 2482 ctans
320 2417 448 2500 arripuit
468 2417 576 2482 nescio
598 2417 680 2481 unde
702 2421 844 2498 tanquam
867 2413 985 2480 illustre
1006 2423 1096 2498 atque
1119 2417 1201 2482 iama
1223 2417 1310 2482 cele-

210 2528 330 2596 bratum
351 2527 520 2609 exemplum
543 2527 693 2592 medelam
714 2525 753 2590 ab
764 2525 953 2609 Empedocle
974 2525 1096 2606 iactam,
1119 2540 1209 2608 quam
1229 2543 1308 2592 cau-

211 2637 280 2704 dem
310 2638 448 2721 mannis
468 2621 688 2704 modestiorem
716 2636 820 2702 retulit
847 2635 1028 2720 Hermippus
1057 2635 1149 2720 biog.
1169 2634 1247 2718 Vlll,
1270 2635 1311 2702 ott

208 2738 398 2832 (Ἕρμιππος
410 2748 446 2812 ds’
459 2770 536 2832 φησι
553 2745 722 2814 Πάνθειάν
735 2770 804 2812 τινα
826 2746 1048 2831 Ἀκργαντίνην
1071 2737 1311 2831 ἀπηλπισμένην

210 2853 272 2922 u‘nd
296 2857 357 2922 scis
373 2859 493 2940 ἰατρῶν
510 2859 712 2940 θεραπεῦσαι
735 2852 834 2921 αὐτὸν
854 2857 909 2920 καί
924 2852 977 2920 διὰ
998 2857 1094 2920 τοῦτο
1116 2852 1174 2938 τῆν
1194 2857 1314 2920 θυσίαν

210 2968 401 3048 terrama).-
430 2967 598 3032 Pausaniae
621 2973 721 3030 autem
741 2965 932 3047 potissimum
953 2965 1036 3030 unde
1058 2964 1222 3048 colligeret
1243 2983 1311 3030 eam

211 3081 307 3140 artem
328 3075 471 3142 traditam
493 3093 575 3156 esse,
595 3074 706 3140 videor
722 3074 953 3140 miluiidoneum
970 3074 1128 3139 invenisse
1148 3073 1261 3153 locum,
1285 3073 1313 3138 si

213 3182 336 3263 quidem
357 3185 500 3248 uersibus
521 3201 598 3264 quos
624 3201 716 3263 supra
736 3183 938 3264 descripimus
968 3182 1127 3262 (ao-39)
1148 3187 1238 3264 poeta
1255 3199 1316 3248 ue-

91 3341 95 3350 ,
213 3307 364 3372 quaquam
388 3307 424 3355 se
444 3291 544 3372 palam
565 3289 723 3372 profitetur
751 3292 978 3372 propositurum
998 3292 1118 3371 artium,
1135 3308 1210 3372 quas
1233 3307 1313 3354 auu-

211 3406 320 3481 merat,
340 3399 489 3477 rationes,
512 3399 569 3466 sad
589 3399 711 3481 seponit
742 3415 797 3464 eas
818 3399 873 3464 uui
900 3415 957 3464 suo
980 3399 1080 3462 amico
1101 3400 1190 3477 (tuat
1205 3397 1313 3490 μούνη

211 3512 265 3574 σοι’
285 3507 345 3592 ἐγώ
368 3511 492 3591 κρανέω
506 3506 581 3574 uida
602 3507 721 3591 πάντα)
733 3509 963 3592 impertiendae,
985 3508 1095 3574 callide
1115 3508 1163 3574 sic
1183 3509 1313 3576 lactori-

211 3619 269 3684 bus
298 3619 439 3702 cupidam
469 3619 651 3686 mirabilium
684 3621 929 3702 expectationem
949 3619 1088 3686 eximens
1110 3625 1218 3704 (mam
1244 3637 1312 3686 cum

210 3745 252 3791 ne
281 3746 340 3794 uos
362 3729 485 3812 quidem
518 3729 711 3794 retinendam
734 3731 974 3812 arbitraremur,
1003 3731 1148 3797 nonfuit
1180 3749 1236 3795 cur
1258 3749 1314 3798 eos

211 3853 320 3904 versus
341 3858 360 3904 a
382 3839 519 3922 physicis
541 3840 788 3926 relegaremus):
815 3841 939 3904 ultimus
961 3845 1062 3905 autem
1082 3855 1192 3904 versus
1215 3829 1316 3919 (ἄξεις

211 4094 378 4166 scriptorum)
406 4099 493 4154 aista·
516 4101 585 4172 περὶ
602 4098 700 4156 νόσων
719 4098 754 4165 α’,
784 4109 853 4166 qaae
870 4095 951 4149 verba
973 4093 1141 4168 ¹intolerabili
1167 4097 1315 4169 stribligine

213 4191 336 4248 laborare
355 4207 431 4248 nemo
450 4195 642 4248 animadvertit.
662 4194 717 4247 lam
734 4209 791 4248 cum
808 4195 835 4246 iu
853 4209 887 4246 eo
906 4192 1026 4263 catalogo
1044 4193 1113 4248 deut
1131 4205 1238 4261 prorsus
1256 4192 1316 4244 libri

213 4293 284 4366 aspi
304 4287 400 4349 duros
426 4292 542 4360 mentio,
567 4298 665 4348 canam
693 4292 760 4346 baro
783 4292 876 4360 accip·
899 4290 1126 4346 emendatiorem
1153 4283 1316 4351 ”daversi

215 4391 283 4464 napi
299 4388 404 4451 νόσων.
