2854 4734
627 321 836 390 ..12-

182 506 276 574 mast.
319 505 516 574 neminum
539 505 630 588 enum,
653 505 744 572 stoan
766 506 991 590 fortassean,
1012 489 1158 574 utrarum
1179 493 1283 574 nnnc

181 617 285 700 lotique
307 617 381 701 περὶ
401 615 527 702 φύσεως
550 615 645 681 libros
663 616 753 682 huius
777 619 928 700 Βακχῶν,
952 617 1032 683 illius
1054 620 1200 684 Μουσῶν
1223 637 1280 684 ott·

183 727 380 814 gnominibus
404 726 599 792 circumlatus
621 745 710 792 esse:
733 733 764 792 at
785 727 864 792 baec
886 727 1052 792 similitudo
1063 733 1124 793 tam
1142 729 1285 811 praecla-

182 855 248 916 ram
271 837 442 901 adiunctam
464 837 556 900 babet
579 836 876 918 dissimilitudinem,
904 843 938 900 ut
964 837 1079 902 obiciat
1109 839 1209 920 potius
1231 838 1282 903 isti

183 946 321 1028 opinioni
345 966 433 1030 quam
448 947 598 1030 proficiat.
644 947 728 1022 Quae
749 947 886 1029 quamvis
901 947 1022 1034 exiguis
1037 967 1074 1012 ac
1089 965 1188 1030 paene
1210 947 1282 1012 nul-

182 1055 221 1122 lis
241 1057 462 1139 probabilitatis
491 1057 641 1121 niteretur
662 1057 868 1142 argumentis,
901 1058 961 1122 boc
984 1064 1086 1122 tamen
1107 1058 1226 1140 effecit,
1251 1065 1283 1122 ut

142 1155 146 1163 ’
183 1167 322 1232 lustralia
345 1174 396 1233 aut
416 1168 533 1232 cautius
552 1167 675 1232 silentio
693 1169 1016 1250 praetermitterentur,
1032 1175 1083 1233 aut
1105 1169 1205 1234 obiter
1215 1175 1286 1234 tan-

183 1283 340 1362 gerentur,
364 1284 414 1342 aut
438 1277 500 1360 qui,
524 1277 606 1342 velut
619 1275 713 1340 Ulrici
738 1275 825 1354 (bist.
838 1295 923 1359 poes.
936 1296 983 1361 gr.
1007 1277 1076 1341 til.
1097 1297 1126 1360 p.
1143 1280 1201 1343 tot
1219 1289 1283 1361 sq.)

186 1388 343 1470 copiosius
366 1385 699 1467 uacuarevidercntur,
725 1385 894 1471 degenere
914 1386 1059 1452 nonnulla
1082 1385 1282 1469 dissererent,

183 1497 307 1582 singula
332 1497 545 1582 neglegerent.

281 1607 433 1692 Diogenis
457 1606 625 1690 catalogus,
653 1607 838 1690 desumptus,
862 1613 894 1670 ut
917 1607 991 1690 dixi,
1002 1607 1205 1673 Alexandrini
1228 1627 1286 1674 cu-

183 1717 305 1782 iusdam
329 1715 510 1802 ἄναγραφῇ,
533 1717 580 1782 sic
608 1717 807 1800 accipiendus
830 1722 887 1798 est,
910 1724 944 1780 ut
964 1724 1015 1782 aut
1037 1717 1126 1782 ambo
1149 1719 1284 1784 carmina

184 1829 274 1893 unius
296 1827 459 1893 voluminis
482 1827 596 1892 ambitu
620 1827 843 1909 comprehensu
871 1834 922 1890 aut
950 1833 1035 1892 certe
1059 1845 1202 1893 versuum
1225 1845 1286 1892 nu-

187 1936 264 2000 meri
295 1936 443 2000 inunum
469 1937 592 2002 conllati
615 1937 647 2000 in
669 1937 788 2002 tabulas
817 1936 907 2001 relati
936 1955 1007 2003 esse
1030 1937 1188 2002 dicantur:
1213 1937 1284 2003 dum

189 2050 295 2110 contra
307 2045 415 2112 suidas
436 2047 489 2112 tali
511 2047 614 2112 tabula
626 2065 700 2112 asus
722 2047 762 2112 sit
779 2064 909 2111 necesse
932 2053 989 2129 est,
1010 2065 1088 2130 quae
1110 2047 1202 2112 unica
1225 2073 1288 2134 φυ-

187 2151 261 2220 σικὰ
288 2161 392 2222 notata
413 2159 603 2222 contineret:
626 2163 755 2237 uterque
776 2161 876 2218 autem
893 2157 973 2237 quod
998 2157 1118 2224 abillis
1143 2154 1287 2242 ἰατρικὸν

190 2258 282 2345 λόγον
303 2273 459 2349 segregat,
482 2285 545 2330 uon
561 2267 650 2331 obest
671 2264 742 2328 buic
760 2263 967 2344 explicationi,
991 2267 1046 2330 sed
1071 2268 1111 2332 de
1133 2268 1199 2332 cius
1222 2267 1289 2332 ori-

194 2373 269 2456 gine
280 2375 487 2456 suspicionem
500 2379 602 2460 auget.
622 2374 834 2458 'Plenioruero
851 2372 1007 2437 dubitandi
1029 2377 1174 2441 materies
1194 2377 1226 2439 in
1249 2395 1286 2441 eo

188 2500 261 2548 esse
274 2485 406 2566 videtur,
422 2487 514 2567 quod,
529 2504 596 2549 cum
607 2486 765 2569 Diogenes
780 2483 870 2550 ambo
884 2485 1019 2548 carmina
1035 2485 1167 2566 quinque
1179 2485 1293 2549 milium

187 2611 331 2660 uersuum
345 2613 472 2661 numero
487 2595 714 2678 complectatur,
737 2595 847 2662 suidas
861 2595 948 2659 alteri
971 2595 1072 2677 eique,
1093 2600 1126 2658 ut
1142 2593 1289 2660 credibile

185 2709 243 2785 cst,
266 2705 391 2772 maioris
421 2712 453 2771 et
472 2707 602 2772 ambitus
635 2713 665 2770 ct
689 2706 847 2792 dignitatis
869 2713 994 2789 tresque
1023 2723 1080 2788 per
1100 2703 1196 2770 libros
1217 2723 1294 2787 per-w

187 2813 296 2880 tinenti
326 2803 387 2881 duo
416 2823 531 2881 tantum
554 2835 698 2882 versuum
718 2816 800 2880 milia
821 2816 936 2880 tribuit.
983 2816 1086 2882 Sensit
1106 2815 1167 2880 hoc
1188 2816 1290 2902 Berg-

187 2924 257 2990 lnius
279 2933 456 3005 (comment.
470 2927 509 2990 de
525 2926 610 3009 Ernp.
630 2913 768 3008 prooem.
781 2944 808 3008 p.
826 2926 862 3003 9)
885 2932 916 2991 et
927 2925 1128 3008 probabiliter
1147 2945 1165 2990 a
1186 2924 1290 2989 mendi

189 3033 336 3100 facilitate
369 3035 482 3100 Suidae
513 3037 633 3100 restitui
664 3037 901 3119 τετρακιςχίλια
934 3034 1038 3099 iussit:
1079 3052 1157 3117 quoe
1186 3041 1288 3097 tamen

191 3143 390 3219 emendatio,
424 3162 493 3207 cum
521 3145 598 3208 nibil
617 3149 778 3224 praeterea
812 3161 880 3206 eum
908 3143 1099 3222 potissimum
1129 3161 1288 3207 numerum

190 3229 394 3332 commendet,
419 3251 561 3332 quoniam
583 3250 623 3314 ad
645 3249 857 3330 disputationis
882 3249 1006 3313 omnino
1028 3252 1123 3314 robur
1145 3267 1210 3314 non
1232 3267 1290 3316 ua-

190 3359 243 3442 let,
265 3359 298 3424 in
319 3359 422 3425 medio
445 3359 642 3442 relinquatur.
865 3440 868 3458 .

290 3467 398 3552 Atque
416 3471 559 3552 φυσικῶν
580 3469 612 3531 in
635 3473 697 3532 tres
719 3466 814 3532 libros
840 3464 1013 3530 distributio
1038 3473 1291 3551 memoramur

189 3575 257 3642 iere
279 3577 339 3642 boc
360 3577 393 3640 in
414 3595 542 3662 genere,
566 3577 833 3660 grammaticorum
856 3576 1129 3658 acceptarolertur
1152 3579 1289 3663 diligen-

189 3687 275 3768 tiae,
305 3687 561 3770 confirmaturque
594 3707 661 3752 cum
690 3687 802 3754 Suidae
830 3688 1006 3754 testimonio
1035 3694 1098 3753 turn
1127 3689 1289 3772 Plutarchi,

191 3797 356 3880 Simplicii,
377 3799 501 3864 Ttetzae
522 3799 554 3862 in
574 3799 705 3864 citandis
720 3800 861 3865 versibus
883 3797 1024 3862 formulis
1043 3807 1090 3877 (v.
1107 3798 1146 3862 ad
1162 3817 1223 3868 uss.
1238 3798 1290 3865 36.

192 3905 243 3969 60.
268 3906 339 3987 199,
366 3907 439 3988 269,
462 3907 557 3988 2502:
588 3925 652 3972 non
683 3908 821 3973 defuisse
843 3914 945 3971 tamen
969 3907 1029 3970 iam
1059 3911 1148 3970 antea
1170 3907 1292 3974 discer—
1352 3955 1359 3973 ,

192 4015 286 4079 nendi
307 4017 444 4099 singulas
465 4025 568 4099 partes
591 4019 760 4098 rationem,
791 4017 997 4100 colligendum
1020 4035 1060 4082 ex
1080 4018 1175 4084 Arist.
1198 4019 1288 4103 plays.

192 4124 229 4204 ss,
250 4123 272 4188 4
292 4130 339 4204 (v.
360 4127 399 4189 ad
422 4146 468 4192 us.
495 4128 579 4208 167).
622 4129 708 4192 Prius
729 4133 828 4192 autern
860 4145 931 4194 esso
951 4127 1030 4192 baec
1053 4145 1141 4212 quam
1163 4131 1289 4208 καθαρ·
1335 4113 1340 4120 ’

192 4229 273 4316 μυὸς
295 4233 451 4300 elaborata
475 4255 543 4302 cum
564 4237 745 4322 eDiogenis
768 4237 872 4302 verbis
890 4237 1040 4321 suspicari
1061 4237 1144 4318 licet,
1167 4243 1229 4298 tum
1250 4247 1290 4296 ex

194 4343 343 4416 interiore
363 4345 521 4432 utriusque
556 4348 700 4415 carminis
727 4347 834 4415 indole
858 4347 935 4418 alias
956 4347 1111 4434 copiosius
1130 4335 1289 4409 necundo
