2854 4734
698 534 831 618 n’ycoata,
850 533 959 618 inquit,

357 646 469 722 τελέως
489 645 563 728 ἐμοὶ
582 645 744 710 δοκοῦσιν·
788 638 893 728 ἢγὰρ
917 643 1019 708 οὐκέτ’
1044 635 1100 728 ἦν,

360 752 381 840 ἢ
403 755 565 829 παντελῶς
589 751 866 838 ὑπεργεγηρακώς,
888 746 963 838 ὅπερ

359 863 399 928 ov'
418 863 564 952 φαίνεται
587 901 629 914 -

161 979 192 1044 id
213 982 313 1042 autem
330 975 442 1040 bellum
476 991 543 1037 cum
566 973 599 1036 in
622 971 732 1056 olymp.
750 971 789 1036 91
813 971 995 1054 incidisset,
1018 973 1099 1038 banc
1120 975 1260 1061 attigisse

162 1107 232 1153 eum
249 1105 308 1150 nec
327 1084 533 1167 Apollodorus
555 1083 728 1165 praefracte
747 1081 883 1180 negavit,
906 1090 1032 1165 (nempe
1051 1082 1088 1146 od
1110 1086 1261 1171 φαίνεται

162 1199 201 1265 ad
230 1195 384 1280 posterius
419 1199 533 1257 tantum
565 1193 732 1257 membrum
764 1192 914 1256 trahenda
935 1198 1005 1256 sunt
1035 1193 1260 1278 excluduntque

164 1307 249 1373 renis
270 1315 371 1386 arma)
394 1305 492 1384 etei,
518 1318 595 1385 quos
618 1303 813 1386 oppugnavit,
838 1301 981 1366 alicunde
1004 1304 1181 1386 acceperint
1203 1323 1261 1370 ne-

111 1451 118 1462 ·
162 1433 252 1481 cessa
270 1421 327 1480 est.
371 1414 437 1489 Qua
460 1411 714 1492 ratiocinatione,
737 1411 794 1476 etsi
816 1411 1006 1476 ambitiosius
1028 1413 1072 1475 uti
1093 1414 1177 1495 nolo,
1198 1413 1260 1479 hoc
1286 1369 1295 1480 l

160 1525 269 1592 saltem
285 1524 427 1604 efficitur,
444 1523 592 1586 minorem
607 1539 675 1585 cum
687 1527 760 1585 natu
775 1521 872 1586 tuisse
893 1539 982 1602 quam
995 1520 1141 1606 Gorgiam
1164 1524 1264 1606 abque
1280 1494 1287 1583 l
1304 1548 1307 1559 ·

160 1637 221 1700 hoc
245 1651 309 1698 non
331 1649 499 1716 paucorum
513 1648 661 1696 annorum
684 1631 782 1714 spatio
802 1630 994 1695 disiunctum.
1038 1632 1085 1695 lle
1100 1631 1262 1716 disciplina
1302 1616 1304 1635 '

159 1745 264 1828 igitur,
279 1743 341 1808 nisi
363 1742 391 1806 si
413 1741 490 1805 miro
512 1741 652 1823 exemplo
686 1740 867 1823 discipulum
895 1740 1068 1822 quindecim
1102 1741 1260 1807 minimum

163 1853 251 1917 annis
274 1853 422 1917 maiorem
450 1852 598 1937 magistro
621 1851 738 1936 lingere
771 1851 838 1933 quis
859 1851 983 1935 gestiat,
1005 1868 1067 1914 non
1087 1851 1148 1915 iam
1171 1851 1261 1934 quic-

164 1979 252 2045 quam
276 1961 485 2041 credendum}
506 1961 636 2043 exempli
651 1965 713 2024 vim
727 1966 817 2044 atque
840 1960 931 2026 etiam
947 1959 1161 2026 familiaritatis
1181 1943 1263 2026 con-

149 2051 354 2164 iunctionem
374 2088 415 2134 ne
439 2088 499 2156 ego
521 2071 643 2152 quidem
664 2087 788 2135 recuso.
1028 2149 1030 2153 Ι

261 2180 310 2243 Ad
332 2180 529 2276 Aristotelem
549 2196 643 2262 porro
667 2163 841 2259 auctorem,
865 2181 1052 2262 Hieronymi,
1072 2186 1106 2244 ut
1128 2187 1262 2263 apparet,
1304 2223 1314 2243 .

162 2289 339 2354 testimonio
362 2271 463 2369 nixus,
486 2289 584 2353 refert
593 2288 753 2373 Diogenes
775 2304 853 2368 quae
874 2287 913 2351 de
936 2287 1054 2354 duobus
1078 2291 1263 2355 carminibus
1355 2305 1360 2321 ³

164 2405 279 2479 namot,
303 2399 461 2464 Persarum
482 2397 680 2479 expeditione
707 2397 927 2480 prooemioque
946 2397 979 2461 in
999 2399 1184 2480 Apollinem,
1208 2417 1264 2465 re·
1310 2467 1312 2473 ,

164 2507 245 2573 lictis
270 2507 393 2590 quidem
417 2527 434 2572 a
455 2511 567 2590 poeta,
595 2527 612 2572 a
644 2523 755 2572 sorore
785 2512 885 2572 autem
915 2507 965 2572 vel
993 2507 1053 2571 lilia
1084 2506 1262 2590 combustis,

163 2617 261 2684 altero
282 2617 364 2701 prod
388 2617 523 2682 nondum
546 2615 716 2683 absolutum
731 2623 833 2682 esset:
859 2617 898 2680 de
920 2618 1017 2683 altero
1039 2633 1132 2682 causa
1149 2618 1264 2684 omissa

164 2735 229 2810 est;
251 2745 381 2812 namque
401 2734 434 2791 ut
455 2746 529 2792 casu
548 2735 599 2792 aut
619 2728 820 2811 imprudentia
852 2727 1008 2794 interiisse
1030 2729 1179 2811 opinere,
1201 2747 1265 2792 nom

164 2840 296 2922 postulat
309 2840 397 2904 vocis
419 2830 541 2902 ἄκουσα
562 2839 704 2922 ambigua
719 2839 778 2918 vis,
802 2855 880 2920 quac
900 2841 1014 2921 pariter
1028 2841 1067 2902 de
1078 2839 1264 2904 necessitate

167 2949 244 3014 loris
266 2949 408 3032 imposita
431 2947 522 3013 valet.
567 2949 715 3032 lluncque
734 2947 834 3029 potius
853 2949 885 3012 in
908 2949 1031 3013 modum
1049 2954 1082 3011 ut
1109 2949 1265 3030 interpre-

163 3063 230 3136 ter,
254 3058 362 3138 partim
385 3057 432 3119 rei
457 3057 546 3121 aliter
566 3037 659 3120 nimia
673 3057 915 3139 Aristotelioque
936 3057 1007 3122 stilo
1027 3059 1080 3121 vix
1102 3056 1196 3141 digna
1217 3057 1266 3122 le-

163 3166 243 3228 vitas
265 3163 420 3242 admonet,
441 3165 550 3244 partim
573 3171 663 3245 atque
684 3165 786 3245 potius
808 3167 847 3230 de
867 3167 1018 3248 prooemii
1038 3167 1128 3230 buius
1151 3169 1263 3250 singu-

164 3272 222 3336 lari
246 3271 375 3353 quadam
396 3269 501 3333 indole
532 3276 623 3352 atque
650 3277 831 3354 argumento
868 3273 1067 3338 edootrinae
1087 3275 1265 3339 recessibus

165 3381 242 3446 alias
266 3377 493 3461 comprobanda
516 3379 716 3465 coniectura,
741 3381 852 3463 quaid
880 3399 942 3445 non
964 3380 1004 3445 ad
1027 3383 1155 3466 vulgare
1175 3383 1266 3467 bym-

164 3511 274 3558 uorum
295 3509 405 3576 genus,
425 3509 532 3557 verum
552 3491 591 3555 ad
604 3491 664 3574 dci,
687 3475 900 3559 cuiusnumini
921 3493 1101 3558 destinatum
1115 3493 1182 3572 luit,
1206 3495 1266 3561 vim

166 3623 203 3669 ac
226 3609 364 3670 naturum
392 3601 606 3686 philosophica
636 3603 766 3685 quadam
796 3623 833 3669 ac
863 3621 962 3688 paene
992 3605 1121 3690 physica
1144 3607 1266 3674 ratione

168 3714 382 3798 explicandam
403 3719 562 3796 spectasse
579 3715 730 3797 suspicor.

252 3826 353 3907 Atque
366 3823 580 3906 haecquidem
602 3825 769 3890 secundum
781 3824 995 3889 Aristotelem:
1017 3825 1134 3906 reliqua
1147 3825 1266 3892 detra-

168 3932 350 4020 gocdiarum
360 3933 471 4017 grandi
484 3951 611 3999 numero
622 3951 691 3998 cum
702 3933 783 4024 illius
794 3933 975 3997 auctoritate
986 3939 1047 3996 tam
1058 3934 1187 3998 rationis
1197 3953 1269 4018 pro.

167 4042 323 4108 habilitate
334 4061 459 4125 prorsus
480 4044 621 4110 destituta
634 4051 712 4109 sunt.
734 4043 799 4106 Neo
815 4043 1007 4108 subnituntur
1020 4044 1079 4108 nisi
1091 4046 1180 4110 unius
1192 4063 1268 4110 nes·

170 4153 220 4217 cio
242 4156 372 4235 quantae
393 4152 654 4238 lidcillieronpmi
670 4152 856 4233 testimonio,
880 4153 929 4216 cui
948 4159 1049 4219 tamen
1066 4159 1126 4218 tam
1138 4153 1268 4217 fidenter

167 4279 203 4328 se
214 4261 598 4346 mancipavitllarstenius,
621 4262 868 4330 dissuadentibus
880 4263 1000 4330 Sturnio
1013 4263 1155 4344 (Emped.
1169 4278 1198 4339 p.
1209 4257 1268 4334 88)

170 4378 202 4439 et
223 4372 379 4440 Boecklio
404 4371 597 4454 (Staatsbxt.
619 4373 657 4439 ll.
675 4391 707 4456 p.
720 4373 798 4454 362)
822 4380 865 4458 ut,
886 4391 925 4438 ne
945 4371 1066 4439 scilicet
1083 4375 1127 4433 tot
1148 4364 1269 4430 tabula-
