2854 4734
249 459 404 550 φάρμακα
420 463 458 545 *J
484 461 515 524 δ’
536 451 616 526 ὅσσα
638 463 748 544 γεγᾶσι
766 461 871 524 κακῶν
891 461 947 524 καὶ
969 457 1086 546 γήραος
1109 449 1208 545 ύλκαρ

150 577 190 641 25
233 568 344 660 πεύσῃ,
365 570 435 636 ἐπεὶ
453 567 562 660 μούνιρ
583 567 634 636 σοι’
655 566 715 654 ε’γιδ
743 570 866 654 κρανέοο
894 565 970 636 τύδε
994 568 1109 634 πάντα.

234 661 368 756 παύσεις
390 681 417 746 δ’
440 679 610 762 ἀκαμάτων
631 679 756 761 tripos
774 680 868 760 μένος
892 677 924 743 οἳ
940 679 967 743 τ’
988 679 1043 744 ε’πδ
1060 686 1154 762 γαῖαν

234 791 400 876 ὀρνύμενοι
424 795 565 854 πνοιαῖσι
588 785 886 872 καταφθινύθουσιν
906 779 1069 872 ἄρουραν·

204 960 206 964 .
232 899 288 966 καί
307 900 412 984 πάλιν,
430 891 496 964 εύτ’
519 900 691 985 ἐθέλῃσθα,
714 902 891 964 παλίσσυτα
913 893 1063 980 πνεύματ’
1087 896 1230 978 ε’πούξεις·

234 1011 346 1096 θύσεις
369 1010 397 1072 δ’
421 1013 453 1088 ἐξ
473 1001 607 1091 ὄμβροιο
630 1006 774 1072 κελαινοῦ
796 1007 919 1091 καίριον
941 1004 1071 1090 ου’γμύν

151 1122 192 1188 30
236 1117 426 1204 ἀνθρώποις,
448 1113 560 1202 θὴσεις
584 1117 619 1180 δὲ
640 1113 695 1180 καί
714 1116 746 1194 ἐξ
775 1117 913 1198 ου’χμοΐο
936 1119 1064 1201 θερείου

237 1229 384 1316 ῥεύματα
402 1226 656 1314 δενδρεόθρεπτα
685 1229 755 1290 κατ’
780 1227 907 1312 αἰθέρος
928 1225 1099 1294 nicanora·

204 1425 207 1430 Ι
238 1333 323 1418 ἄξεις
345 1340 373 1401 δ’
395 1339 428 1416 ἐξ
445 1336 564 1402 Ἀίδαο
586 1337 829 1422 καταφθιμένου
849 1339 944 1417 μένος
966 1335 1093 1422 α’νδρύς.

155 1451 291 1526 Quorum
315 1447 353 1514 (le
375 1447 451 1512 sedo
474 1446 545 1529 quid
576 1445 767 1511 statuendum
787 1446 994 1528 arbitremur,
1017 1454 1164 1515 externae
1187 1451 1256 1516 for-

152 1578 222 1624 mae
243 1563 316 1623 nota
336 1557 417 1624 inira
436 1557 648 1640 probabimus:
670 1575 751 1620 nunc
774 1563 889 1621 tantum
910 1561 995 1622 corto
1018 1565 1111 1641 patet,
1134 1561 1256 1628 doctri-

153 1688 224 1734 nam
244 1669 395 1734 modicam
419 1668 452 1732 in
474 1668 519 1732 cis
542 1685 606 1732 non
628 1667 762 1750 promitti
784 1667 843 1731 nisi
866 1667 899 1731 in
920 1687 1012 1733 versu
1033 1670 1131 1752 primo
1155 1678 1185 1736 et
1207 1674 1257 1741 ul.

154 1781 241 1858 timo,
265 1784 367 1842 cetera
390 1795 467 1842 vero
491 1783 552 1841 tom
576 1794 646 1842 osse
668 1777 706 1840 nb
729 1776 781 1840 illc
805 1783 922 1842 remota
945 1795 1034 1860 quom
1059 1785 1195 1846 vetorum
1219 1783 1259 1848 dc

156 1889 249 1954 robus
265 1888 402 1970 physicis
422 1887 557 1974 docrctis
573 1887 730 1972 contigua,
752 1892 786 1950 ut
806 1888 935 1952 carmini
955 1888 1084 1973 physico
1098 1892 1260 1972 quominus

158 2000 331 2064 inseramus
353 1998 621 2080 infirma-prorsus
640 1996 785 2078 opinione
806 2015 935 2079 eorum,
954 1999 1006 2080 qui
1029 2016 1084 2063 cos
1107 2002 1259 2083 ἰατρικοῖς

155 2114 368 2192 reposuerunt,
391 2125 454 2172 non
477 2107 697 2172 deterreamur.
742 2105 871 2190 Scripsit
894 2126 971 2194 crgo
994 2109 1197 2191 Empedocles
1218 2111 1258 2176 do

155 2219 334 2287 semodios
357 2219 510 2302 pedestris
535 2219 684 2284 orationis
704 2217 865 2284 libellum?
918 2218 964 2280 Dc
984 2217 1045 2282 boc
1067 2237 1142 2284 vero
1169 2221 1259 2286 cobi-

117 2335 119 2347 '
156 2329 217 2396 boo
238 2347 338 2394 meum
361 2327 525 2408 iudicium,
548 2345 647 2394 suono
670 2327 722 2392 illc
743 2327 834 2392 talem
854 2327 962 2392 enixus
976 2321 1025 2392 ¹sit
1046 2335 1141 2412 portu.
1191 2330 1261 2394 Ad-

121 2426 125 2524 ',
156 2445 333 2505 numeratur
365 2439 485 2522 quidem
512 2457 529 2500 n
553 2437 671 2502 duobus
693 2436 753 2501 fide
774 2438 877 2530 dignis
898 2437 1110 2522 scriptoribus,
1132 2445 1165 2502 ut
1185 2439 1262 2504 roli-

158 2569 235 2634 quos
257 2550 429 2628 mittamus,
459 2549 493 2611 in
515 2546 705 2610 medicorum
731 2564 878 2627 numero,
902 2561 930 2610 ἰι
954 2547 1070 2612 Gnlcno
1092 2547 1211 2632 therap.
1235 2549 1259 2631 1,

157 2665 179 2722 l.
203 2659 241 2722 X.
264 2677 293 2739 p.
315 2659 335 2720 3
358 2657 458 2720 Chari.
483 2655 537 2718 isai
557 2652 587 2718 οἱ
606 2655 639 2718 ἐκ
660 2654 714 2738 τῆς
733 2654 864 2730 Ἰταλιάς
887 2653 992 2740 ιάτροδ
1009 2655 1184 2722 Φιλιστίων
1206 2661 1261 2724 καί

155 2763 365 2848 Ἐμπεδοκλῆς
387 2762 443 2829 rat
463 2766 657 2844 Παυσανίας
678 2767 734 2829 καί
756 2759 786 2828 οἱ
814 2761 931 2830 τούτων
950 2760 1087 2851 ἑταῖροι,
1111 2773 1142 2831 ci
1159 2787 1180 2832 n
1198 2768 1260 2832 l'li-
1304 2844 1310 2859 ι

157 2877 210 2942 nio
233 2875 304 2940 bist.
327 2873 598 2955 mcxxxviii
617 2874 826 2957 pestilentiae,
849 2891 928 2958 quac
950 2877 1026 2941 sciis
1046 2875 1261 2944 obscuratione

159 2985 359 3068 contrabitur,
371 2985 449 3068 ipais
464 2985 569 3067 suffita
579 2984 802 3067 multiformiter
815 2986 964 3050 comitiari
976 2994 1090 3052 certum
1104 2993 1158 3054 cst.
1184 2988 1262 3054 Esa-

126 3120 131 3130 ·
156 3084 300 3178 pectantes
322 3099 352 3158 et
373 3093 578 3182 Hippocrates
599 3093 633 3158 id
652 3099 864 3159 monstravero
886 3096 1017 3160 dirersis
1038 3097 1113 3162 ioris
1134 3099 1206 3180 ss),
1228 3099 1261 3162 in

272 3345 301 3417 l)
322 3347 396 3404 iluna
415 3345 502 3402 locum
521 3361 536 3399 s
554 3345 664 3400 Plutona
685 3345 796 3400 ansclr.
825 3361 852 3416 p.
870 3346 963 3403 2290
990 3363 1048 3402 cnm
1068 3348 1122 3402 lani
1140 3351 1262 3406 irrisione

161 3451 311 3515 naupactum
338 3460 398 3498 csso
423 3445 480 3498 vnit
504 3443 660 3498 wolckerus
687 3457 766 3497 nous.
785 3445 871 3498 annal.
900 3444 933 3497 dc
952 3444 1035 3498 l'lnst.
1054 3445 1170 3500 arobbol.
1191 3449 1260 3503 snat

161 3542 254 3596 Frano.
274 3549 294 3593 t.
312 3540 336 3593 ll
359 3557 384 3610 p.
403 3537 456 3593 366
475 3540 524 3610 (cl.
545 3555 635 3608 opusc.
655 3547 673 3594 t.
689 3539 731 3593 ΙΙΙΙ
748 3557 773 3611 ρ.
792 3537 855 3612 60)τ
873 3540 919 3596 sod
934 3541 1102 3596 cubitorium
1120 3559 1206 3598 nnnon
1224 3547 1260 3614 id,

160 3637 231 3710 quod
250 3653 320 3690 nnnc
339 3653 353 3689 α
373 3637 452 3689 totins
472 3639 589 3705 corporis
608 3651 729 3690 connexu
744 3639 894 3709 decerptum
913 3640 994 3710 inquo
1015 3641 1100 3710 capito
1118 3643 1260 3713 singulsris

160 3736 300 3806 lropmonti
318 3735 432 3805 positam
450 3733 608 3790 vocabulum
628 3738 769 3810 pappiana
793 3736 872 3791 lncilo
891 3745 1008 3792 nostrum
1030 3741 1142 3792 animum
1165 3742 1260 3794 advor-

162 3839 210 3902 tit,
229 3835 343 3889 l’lntonis
364 3835 510 3904 noqnnlas,
528 3835 572 3905 qui
591 3840 673 3888 totum
693 3849 796 3888 onnmcn
815 3835 953 3906 legerant,
973 3852 1006 3890 no
1025 3837 1140 3910 iugarat,
1159 3844 1200 3890 snt
1218 3838 1259 3890 di-

134 3997 136 4002 ,
164 3933 260 3988 stincto
277 3932 334 3986 illic
353 3931 528 4001 significatum
547 3934 590 3986 sit.

235 4028 282 4100 **)
301 4028 419 4082 Eundem
431 4028 543 4082 Plinium
553 4028 672 4094 XXlX,3
690 4021 760 4096 (alin
775 4032 857 4100 factio
877 4030 910 4083 ab
928 4031 1108 4100 asperimontis
1125 4049 1152 4085 τι
1164 4047 1262 4101 copisa-

162 4125 265 4178 sns'aaai
283 4123 436 4194 Empiricos
455 4125 537 4194 coepit
555 4126 584 4176 ιἰι
601 4124 696 4178 Sicilia
713 4125 745 4177 ab
764 4125 869 4178 Acrona
895 4124 1075 4195 Apsipssstisso,
1096 4127 1262 4198 Empedoclis

160 4220 263 4291 pbpsici
279 4221 434 4272 auctoritato
460 4219 648 4288 commendata)
675 4222 701 4272 in
721 4222 806 4272 animo
831 4221 955 4276 babuisse
981 4221 1146 4291 Empedoclis
1164 4214 1263 4275 nomini

168 4317 327 4386 assignatum
346 4315 504 4383 cpigrsmms
526 4313 603 4384 Diog.
623 4315 690 4383 vili,
709 4315 745 4370 ab
762 4317 866 4384 (asilos
885 4316 1069 4392 δ”Ακρωνσς
1095 4322 1147 4373 τοῦ
1165 4321 1263 4390 ἰατροῦ
