2854 4734
143 572 229 647 Quae
251 583 319 632 oum
342 563 385 627 ite
407 559 597 637 rehabeant,
622 552 840 638 percommode
858 550 980 631 oceidit,
996 547 1078 633 quod
1103 563 1166 613 ves.
1180 546 1242 613 352

142 675 226 742 -63
249 675 316 740 cius
346 671 492 738 carminis
526 668 622 734 fuisse
652 663 834 747 principium
868 660 1034 726 illustribus
1063 656 1244 723 testimoniis

150 792 337 870 compertum
361 781 509 848 habemus
533 777 640 858 (mog,
654 773 731 852 Vlll,
756 771 808 851 54,
830 769 897 844 til).
929 765 1016 832 lnde
1036 767 1131 851 igitur
1152 785 1246 832 exor-

147 899 230 964 dium
253 889 427 976 disputandi
462 884 634 950 ducendum
664 889 720 947 est.
772 879 930 944 Proitetur
959 878 1005 942 eis
1036 895 1071 942 se
1098 883 1189 959 poeta
1209 899 1247 942 ae

145 1007 296 1096 gloriatur
309 1018 373 1065 nun
388 1000 448 1062 iam
464 998 545 1061 inter
563 992 735 1058 mortalium
748 1008 877 1075 gregem
899 988 1055 1054 numerari
1074 989 1195 1072 iamque
1207 989 1246 1054 ad

145 1118 196 1184 dei
218 1113 397 1200 dignitatem
412 1107 511 1174 evehi.
534 1104 623 1182 Quod
644 1121 707 1166 non
722 1101 760 1166 de
781 1117 861 1165 vana
877 1098 1090 1182 lymphataque
1109 1099 1247 1166 hariola-

144 1229 248 1306 tione‚
280 1221 337 1288 sed
369 1219 407 1283 de
438 1222 542 1281 certae
573 1214 733 1278 doetrinae
760 1209 962 1293 persuasione
988 1209 1248 1291 interpretandum

145 1353 227 1415 esse,
243 1331 356 1396 docent
369 1327 442 1392 Plus.
457 1326 496 1390 de
516 1325 557 1389 λε.
568 1342 597 1406 p.
614 1321 674 1388 361
697 1317 905 1400 Ἐμπεδοκλῆς
927 1315 962 1382 δὲ
984 1320 1040 1381 καί
1060 1315 1150 1393 δι’κας
1169 1317 1251 1404 φησί

147 1437 270 1509 διδόναι
297 1437 372 1513 τούς
403 1437 558 1518 δαίμονας
588 1423 633 1496 ὧν
659 1430 746 1510 (add.
772 1421 858 1508 dm
844 1428 1044 1512 ἐξαμάρτωσι
1071 1429 1127 1492 κατ’
1146 1435 1248 1513 πλημ.
1333 1501 1335 1504 ,

144 1547 334 1636 μελήσοοσιν.
360 1547 517 1628 Aisepos
538 1543 597 1623 μὲν
616 1539 678 1623 γάρ
698 1561 760 1624 σφε
779 1541 873 1619 μένος
895 1539 961 1600 κτλ.
988 1546 1066 1615 (vsu.
1082 1534 1246 1617 377-80)

145 1681 242 1744 αχρις
274 1647 314 1720 σν
351 1656 557 1730 κολασθέντες
591 1645 675 1714 οὕτω
706 1646 761 1710 καί
792 1630 1091 1730 καθαρθέντες
1122 1637 1247 1722 αυθις

143 1765 339 1852 τὴνκατὰ
385 1762 512 1850 φύσιν
551 1782 690 1843 χωραν
728 1753 797 1820 κατ’
829 1755 953 1842 τάξιν
984 1753 1247 1838 α’πσλαβοοσι.

147 1879 312 1946 θλαιιι.,Α1.
336 1883 441 1941 strom.
462 1892 491 1956 p.
507 1873 569 1937 639
595 1871 671 1934 rost.
707 1891 786 1952 φησι
783 1865 844 1930 δὲ
867 1865 923 1930 καί
942 1865 980 1928 Ἐ.
1012 1866 1087 1930 τῶν
1108 1868 1250 1952 σοφοῖν

145 1988 217 2064 τοὶς
239 1983 384 2070 ψυχὰς
406 1980 532 2056 θεοὺς
563 1982 786 2063 γίνεσθαι,
818 1965 884 2039 οἶδε’
907 1977 1249 2068 altamripam-(ves.

147 2097 310 2174 447-49)
333 2095 376 2159 id.
402 2112 431 2176 p.
454 2092 516 2157 722
538 2083 577 2173 ἢν
598 2089 633 2151 δὲ
668 2086 763 2163 ὁσίως
785 2086 840 2149 καί
855 2087 997 2162 -δικαίως
1020 2084 1251 2170 διαβιώσοομεν,

147 2202 300 2293 μακάριοι
322 2207 382 2286 μὲν
405 2204 557 2283 ἐνταῦθα,
585 2197 820 2284 μακαριώτεροι
852 2196 888 2260 δὲ
914 2191 996 2275 μετὰ
1029 2191 1088 2279 τὴν
1123 2191 1250 2261 ἐνθένδε

147 2313 332 2400 ἀπαλλαγὴν
352 2311 390 2376 οὐ
410 2310 516 2399 χρόνῳ
539 2312 604 2375 τινι·
624 2306 680 2395 τὴν
710 2306 918 2388 ον’θαιμονιάν
936 2304 1081 2389 ἔχοντες,
1113 2303 1194 2372 α’λλολ
1215 2309 1249 2376 ἐν

150 2427 243 2494 αἰῶνι
265 2418 493 2499 ἀναπαύεσθαι
514 2415 700 2500 δυνάμενοι·
728 2412 900 2491 ἀθανάτοις
921 2403 1063 2481 ἄλλοισιν
1083 2422 1146 2482 κτλ.
1170 2428 1247 2498 (vss.

146 2538 220 2605 450.
236 2538 294 2616 51)
316 2534 335 2618 ἡ
354 2533 529 2620 φιλόσοφος
549 2529 791 2610 Ἐμπεδοκλέους
804 2531 887 2610 λέγει
908 2524 1062 2613 ποιητική.
1086 2529 1247 2595 spondei.

145 2649 235 2732 phys.
258 2647 282 2726 l,
299 2647 330 2720 3,
344 2644 386 2708 69
408 2642 463 2704 καὶ
483 2635 576 2713 θείας
598 2640 658 2719 μὲν
672 2633 774 2734 οἴεται
795 2634 1038 2721 (Ἐμπεδοκλῆς)
1047 2639 1086 2719 θ)
1106 2636 1162 2715 τὰς
1184 2657 1249 2722 mv.

147 2750 219 2840 χοὶς,
240 2756 392 2824 θειόος
422 2751 458 2813 δὲ
487 2743 541 2812 καί
565 2744 640 2821 τούς
668 2748 861 2828 μετέχοντας
895 2743 1002 2811 αὐτῶν
1032 2744 1250 2828 καθαρούς

150 2864 354 2947 καθαρῶς.
399 2859 515 2935 Quibus
539 2858 678 2939 eineis,
700 2857 753 2921 nbi
775 2855 915 2923 attendas
938 2856 981 2922 sie
1003 2859 1097 2924 verba
1119 2860 1186 2942 ipsa
1207 2861 1247 2926 ad

149 2967 339 3058 καθαρμούς
359 2975 511 3052 spectare,
535 2987 603 3034 cum
621 2985 715 3034 causa
735 2973 828 3050 patet,
852 2985 908 3032 cur
931 2985 967 3034 se
986 2969 1155 3034 rediturum
1176 2981 1250 3052 'spe-

149 3083 226 3151 rarit
253 3079 455 3164 Empedocles
488 3081 526 3146 ad
560 3079 687 3144 deorum
709 3079 953 3160 daemonumque
975 3080 1162 3160 concilium,
1186 3080 1249 3145 vita

149 3209 260 3275 nempe
289 3191 528 3256 incontaminata
563 3190 613 3254 vel
640 3195 724 3254 certe
760 3208 778 3252 a
810 3188 893 3253 vitiis
924 3195 1070 3255 avocata:
1107 3196 1170 3255 tum
1202 3197 1249 3258 eut

148 3307 254 3387 aperta
276 3301 445 3381 indicatur,
474 3303 598 3384 propter
629 3299 749 3364 seelera
785 3299 934 3380 quaedam
966 3299 1132 3366 daemones
1165 3301 1249 3366 adi.

148 3413 229 3479 vinis
252 3411 377 3478 sedibus
395 3411 536 3476 detrusos
565 3416 625 3474 tam
648 3409 700 3472 diu
720 3408 866 3498 interris
888 3410 1007 3492 vagari,
1031 3410 1101 3474 dum
1124 3415 1155 3475 et
1177 3429 1249 3476 see-

149 3523 247 3588 lerum
269 3537 386 3604 poenas
409 3521 521 3586 luerint
544 3526 574 3583 et
594 3519 794 3602 purgationes
816 3518 1018 3583 confecerint.
1048 3521 1076 3584 Α
1098 3519 1250 3602 principio

150 3631 245 3717 igitur
266 3629 410 3696 carminis
437 3630 478 3693 ita
499 3646 685 3713 progressus
708 3629 748 3694 sit
768 3633 859 3711 poeta
886 3645 1018 3694 necesse
1039 3633 1096 3711 est,
1119 3635 1162 3712 ut,
1190 3647 1250 3713 quo

153 3741 225 3806 olim
243 3739 370 3805 deorum
395 3739 457 3803 lato
482 3755 604 3822 quoque
625 3739 742 3825 llagitio
763 3739 796 3804 in
817 3740 873 3805 tres
895 3739 1051 3806 terrestris
1073 3741 1155 3806 vitae
1177 3759 1250 3807 sor-

153 3853 209 3920 des
230 3857 320 3934 atque
341 3849 499 3936 angustius
519 3849 671 3933 delapsus,
695 3857 756 3914 tum
773 3850 894 3916 demum
914 3857 983 3933 post
995 3850 1176 3933 multiplices
1196 3869 1252 3917 oa·

255 4121 283 4192 *)
302 4121 342 4174 lte
362 4137 394 4175 eo
413 4121 473 4175 loeo
492 4123 571 4176 laede
589 4129 711 4191 corrupto
724 4123 786 4192 quid
801 4122 920 4189 santiam,
937 4121 999 4175 alibi
1019 4137 1163 4193 exponam:
1182 4138 1252 4176 nune

153 4225 252 4272 tentum
272 4217 341 4270 inter
359 4233 467 4287 omnes,
487 4223 532 4288 qui
552 4233 609 4272 eum
629 4227 779 4286 tractarunt,
792 4223 918 4285 'coortat
937 4220 1068 4276 excidisse
1086 4219 1253 4290 Empedoclis

153 4331 258 4384 nomen,
276 4315 359 4370 verba
376 4324 462 4370 autem
491 4315 570 4371 allata
589 4315 661 4372 nnlla
678 4313 779 4371 macula
806 4315 906 4373 intecta
924 4333 993 4388 erse,
1012 4334 1038 4374 τ.
1060 4315 1166 4372 llrirclre
1184 4313 1251 4369 ror-

151 4414 288 4486 relrnogrn
305 4427 331 4484 p.
353 4411 412 4470 123.

607 4598 620 4637 s

535 4629 539 4641 ι
603 4642 606 4657 Ι

382 4695 386 4705 ι
469 4649 486 4683 Ἰ
539 4671 562 4705 ,⁸1¹
612 4641 824 4707 l's'..'.i⁶ls'l‘.*''¹-e'
