2854 4734
625 335 834 404 ..1⁹-

183 517 329 596 inauditi3
352 515 414 582 duo
436 519 536 580 autem
559 513 801 594 compellationis
830 510 992 578 formulam
1012 510 1062 576 vel
1081 511 1183 576 hanc:
1207 509 1284 597 φιλη

183 621 306 711 κεφαλὴ
328 624 379 688 vel
399 625 494 690 hunc:
516 617 622 702 ἑταῖρε
654 624 819 689 exhibeant
840 626 894 703 ’Ἣ
921 623 953 686 in
980 637 1042 684 uno
1061 637 1153 700 porro
1174 641 1193 686 a
1214 620 1283 701 for·-¹

183 733 264 796 mula
284 722 388 812 ἑταῖρε
418 731 562 796 transitus
594 729 646 792 liat
678 729 864 794 adulterius
896 730 987 794 amici
1008 747 1122 798 nomen
1144 747 1283 812 pronun-

184 841 319 907 tiandum
337 843 407 920 aa),
451 841 551 922 Atque
571 847 634 906 tam
664 841 777 925 exiguo
799 859 943 906 versuum
964 859 1092 908 numero
1114 859 1183 906 cum
1205 857 1284 910 oon-

184 952 285 1018 silinm
317 957 429 1034 poetae
452 951 573 1033 patefiat
603 952 819 1031 discernendi,
843 951 883 1014 ad
912 957 1011 1016 ulrum
1044 952 1182 1038 dirigere
1213 949 1287 1015 velit

185 1065 372 1130 orationem:
402 1079 462 1144 qno
493 1062 554 1126 hoc
587 1081 661 1126 casu
692 1061 804 1126 iactum
826 1062 1004 1142 credemus,
1032 1067 1065 1124 ut
1090 1063 1122 1125 in
1142 1061 1284 1136 versibus

183 1173 311 1255 anplius
325 1171 489 1252 trecentis,
513 1189 581 1234 cum
602 1171 782 1252 saepissime
811 1171 850 1236 ad
868 1188 960 1236 unam
981 1187 1146 1252 personam
1168 1187 1203 1234 sa
1228 1188 1284 1234 ao-

185 1283 366 1348 comodaret
386 1281 496 1365 oratio,
518 1298 665 1362 nusquam
680 1281 741 1346 ulla
756 1282 805 1346 vel
827 1281 951 1346 minima
963 1281 1068 1346 notula
1089 1280 1286 1364 signiticare-

183 1399 244 1473 tur,
264 1399 361 1485 utere
374 1389 493 1455 duobus
513 1391 619 1454 amicis
631 1397 714 1456 esset
732 1390 980 1475 intellegendus?
1001 1390 1123 1454 Erravit
1144 1389 1285 1472 proiecto

183 1501 235 1583 qui
250 1502 310 1564 hoc
332 1501 392 1566 sibi
404 1500 558 1582 persuasit
573 1499 706 1582 aliisque.
714 1501 902 1582 persuadere
923 1500 1055 1564 studuit:
1081 1518 1140 1562 nco
1160 1516 1284 1566 errasse

183 1629 253 1676 eum
273 1616 319 1675 tot
336 1609 439 1675 verbis
462 1610 646 1690 docuissem,
667 1611 726 1674 nisi
747 1629 786 1676 eo
808 1629 916 1678 errore
941 1627 1062 1676 omnem
1082 1607 1285 1674 distribuendi

182 1719 333 1784 rationem
364 1717 557 1799 pessumdari
577 1717 726 1783 viderem.

225 1830 229 1838 ’
262 1843 386 1920 Quodsi
398 1843 526 1926 pusillae
541 1843 588 1907 rei
604 1843 748 1927 longiore
763 1845 955 1935 expositione
975 1844 1077 1926 adepti
1098 1861 1202 1910 sumus
1219 1861 1283 1908 non

184 1958 237 2016 am
247 1952 387 2016 fallacem
398 1958 502 2016 notam
515 1957 566 2017 aut
577 1953 749 2034 obscuram,
760 1971 817 2035 qua
833 1955 922 2018 ambo
933 1954 1068 2020 carmina
1081 1952 1285 2036 itapossimus

185 2060 407 2140 discriminare,
418 2067 461 2141 ut,
472 2061 523 2143 qui
533 2079 643 2126 rcrsus
653 2062 782 2143 plurium
793 2063 948 2127 hominum
962 2064 1194 2146 appellationem
1206 2079 1286 2126 oon-

183 2171 291 2248 tinent,
305 2187 360 2234 eos
384 2169 421 2233 ad
441 2169 589 2250 lustralia,
612 2171 777 2250 quiunius,
801 2171 841 2232 ad
861 2171 988 2253 physica
1008 2173 1197 2238 referamus:
1220 2187 1283 2236 non

183 2279 258 2344 licet
272 2284 375 2342 tamen
387 2279 471 2360 prius
488 2278 647 2361 progredi,
664 2295 754 2358 quam
772 2279 980 2359 apemerimus
995 2281 1123 2345 alterum
1135 2297 1283 2361 errorem,

182 2389 237 2470 poi
259 2405 327 2452 cum
350 2405 457 2452 errore
481 2388 521 2452 de
548 2387 684 2467 pluribus
717 2404 773 2468 per
799 2388 927 2470 physica
958 2391 1147 2472 compellatis
1175 2407 1287 2472 perso-

184 2498 233 2562 nis
257 2499 437 2564 coniunctus
459 2503 515 2561 cst.
560 2497 655 2572 Quem
680 2516 699 2562 a
720 2498 931 2580 superioribus
953 2507 1111 2583 acceptum
1131 2498 1283 2586 Berglrias

191 2692 467 2703 ..a-——u-——u—-u

179 2818 220 2874 ld.
239 2817 285 2872 vil
308 2833 334 2886 p·
353 2816 407 2874 278
425 2818 458 2870 B:

380 2943 406 2995 et
425 2939 451 2994 δ’
471 2940 574 3001 ἐθέλεις
592 2941 641 2994 καὶ
659 2940 743 2995 τοῦτο
763 2939 913 3012 δαήμεναι,
933 2937 955 2994 oi
977 2945 1045 3014 φλλτ
1062 2944 1174 3014 Μόσχε,

382 3032 480 3094 ὅντινα
494 3036 549 3108 χρή
571 3050 603 3090 σε
621 3035 730 3109 τρόπον
751 3042 846 3105 τείνειν
857 3037 1008 3095 ’διαθεῖναι
1026 3040 1140 3112 ἄριστα.

183 3151 450 3222 mmpmm

384 3279 434 3330 ιιαλ
452 3277 546 3346 λεβίαν
564 3277 638 3346 λαβέ,
659 3275 768 3348 Μόσχε,
787 3271 836 3333 τὸν
857 3275 966 3345 ἥπατον
985 3281 1016 3338 ἓν
1034 3283 1210 3354 περικλύστῳ

382 3371 462 3446 Apim
479 3375 527 3426 τιαλ
549 3371 639 3445 Τήνῳ.

282 3491 598 3562 ammpmm

381 3612 447 3671 ἄλλο
469 3611 495 3670 d'
513 3617 612 3683 ἐκεῖσε,
630 3617 698 3690 φίλη
711 3618 826 3691 κεφαλή,
843 3617 934 3694 μηδὲν
950 3625 1144 3710 προςενεριιρς.

183 3734 221 3789 ld.
245 3733 292 3789 Vll
310 3750 336 3804 p.
357 3735 467 3790 olln:

615 3837 757 3892 ἐκεῖνοιὸ
776 3841 859 3905 εἰσίν,
877 3839 982 3914 decipe,

383 3920 436 3998 τὴν
460 3926 563 4004 ἀρετὴν
582 3937 749 4007 θαυμαστοί

284 4039 628 4112 mnmpmm

381 4155 472 4236 αὐτὰρ
493 4158 546 4223 τᾶν
567 4161 723 4224 σινόδοντα
740 4169 803 4240 μέν,
825 4164 860 4224 ὃν
882 4168 952 4236 lires
969 4159 1067 4242 παχῦν
1091 4171 1173 4238 εἶναι,

333 4321 337 4333 ¹
379 4259 410 4315 εκ
430 4262 563 4336 πορθμοῦ
584 4263 614 4318 tl
632 4265 728 4334 λαβεῖν
748 4265 840 4337 τιειρῶ
860 4269 908 4319 aot
925 4265 1036 4333 accirer,
1054 4267 1161 4339 ἑταῖρε·

380 4357 469 4418 ταῦτα
490 4359 521 4418 δὲ
535 4363 628 4422 πάντα
647 4357 727 4438 κυρῶ
745 4363 869 4438 φράζων
884 4365 932 4420 καλ
949 4358 1023 4437 πρὸς
1041 4367 1083 4430 σέ,
1101 4360 1230 4419 Κλέαινε.
