2854 4734
171 557 239 605 mm
260 544 381 622 poetam
402 538 536 605 irrueret
553 537 645 616 mole,
667 535 833 620 lyricorum
855 532 1085 620 tragoediarum
1109 535 1273 602 thesaurus

173 651 203 714 ei
226 648 379 713 eruendus
402 648 568 714 videretur.
592 646 648 710 Cui
672 644 763 709 doleo
784 649 897 710 tantum
917 645 1112 710 concessisse
1135 645 1273 710 Geelium
1412 681 1413 730 p

172 767 237 840 (ap.
260 759 359 822 Karst.
379 773 408 837 p.
428 756 507 836 519)
537 762 571 819 ut
601 773 656 837 pro
692 749 800 820 ἔπειτα
823 755 949 833 αὐτοῖς,
983 771 1061 836 quae
1081 753 1273 838 legebantur,
1412 811 1413 834 ,

174 867 338 949 ἐπιτόμοις
360 866 476 954 audens
499 867 668 930 fabularum
690 866 838 946 epitomas
862 863 977 930 elicere
1004 864 1150 930 studeret.
1195 866 1273 931 Nam
1412 859 1413 874 ³

177 977 244 1040 eius
264 975 338 1056 loci,
364 993 453 1056 quem
473 994 494 1038 a
519 976 626 1040 (tobati
647 973 818 1054 codicibus,
839 975 969 1054 opinor,
993 973 1066 1040 fulta
1086 975 1273 1040 recensione

174 1085 256 1166 dedi,
280 1084 499 1166 quaevidctur
512 1084 664 1168 stribligo,
687 1083 854 1162 evanescit,
877 1083 934 1152 ubi.
953 1083 1148 1164 excerpeutis
1164 1085 1274 1150 merri-

173 1195 258 1260 neris
278 1194 445 1279 Diogenis,
483 1193 535 1275 qui
567 1211 635 1258 oum
657 1172 777 1258 duobus
799 1191 879 1256 locis
900 1191 1075 1273 loquentem
1096 1191 1136 1256 de
1158 1191 1217 1256 bac
1237 1211 1273 1260 re

175 1303 487 1384 videretNeantbem,
508 1303 712 1386 posteriorem
730 1301 832 1366 locum
853 1301 1001 1383 particula
1022 1296 1131 1368 ἔπειτα
1152 1300 1274 1368 indica·

179 1414 239 1477 vit:
262 1413 345 1495 quod
363 1414 409 1478 uti
422 1413 579 1480 scribendi
598 1413 792 1478 uelocitatem
804 1411 917 1494 prodit,
941 1413 983 1478 ita
1000 1412 1032 1478 in
1044 1412 1191 1494 proximis
1205 1415 1273 1476 atae

176 1511 254 1587 ὄντα
274 1523 354 1588 inest
382 1523 513 1606 insignis
540 1527 591 1586 aut
626 1521 834 1602 compilatoris
865 1522 1062 1605 neglegentia
1090 1520 1274 1588 entmundi

175 1631 319 1698 foeditas.
363 1633 476 1699 lamae
500 1631 581 1696 enim
603 1631 766 1696 absurdum
788 1631 885 1697 luisse
913 1630 1075 1696 credamus
1092 1631 1274 1705 Neantbem,

176 1746 218 1820 ut,
242 1740 406 1806 dummodo
432 1742 471 1808 ab
492 1741 687 1822 Empedoclis
717 1745 877 1806 senectute
904 1741 1116 1822 plilosopbicis
1139 1740 1273 1806 decretis

180 1850 376 1932 superbiente
398 1868 512 1916 scenae
535 1850 716 1916 defenderet
738 1849 903 1930 levitatem,
926 1849 1063 1916 eiusdem
1088 1849 1275 1914 adulescen-

176 1959 249 2026 tiam
270 1960 472 2042 quadraginta
486 1960 799 2042 quatuorfabularum
822 1961 957 2041 operiret
972 1960 1121 2024 immenso
1144 1959 1273 2026 laborc‘l

180 2069 330 2150 Quicquid
349 2069 506 2151 malueris,
529 2070 595 2134 sive
614 2070 787 2155 Diogenem
814 2071 882 2134 sive
901 2069 1058 2136 librarium
1080 2069 1271 2149 oscitantem,

175 2178 348 2259 Neanthes,
372 2179 585 2262 mihicrede,
622 2198 685 2246 non
718 2180 758 2247 de
792 2180 903 2267 iuvene
926 2179 1132 2262 Empedocle,
1154 2179 1211 2244 sed
1233 2179 1273 2243 dc

173 2288 297 2354 iuniore
328 2290 460 2370 quodam
486 2290 576 2358 buius
605 2291 738 2359 nominis
759 2291 879 2356 locutus
914 2295 962 2354 est
986 2284 1154 2372 (νεώτερόν
1172 2296 1271 2364 aava).

179 2397 268 2474 Quod
289 2403 323 2462 ut
342 2404 426 2466 tanta
454 2401 638 2468 confidentia
667 2417 797 2482 ponam,
819 2399 894 2466 facit
916 2398 1029 2467 saitae
1060 2417 1086 2463 s.
1110 2415 1140 2462 v.
1162 2415 1272 2481 perop-

174 2515 303 2592 portuna
326 2509 406 2574 baec
427 2509 606 2576 adnotatio:
635 2506 861 2592 Ἐμπεδοκλῆς,
881 2508 1094 2592 θυγατριδοῦς
1114 2509 1171 2572 rori
1195 2531 1273 2589 cpo-

175 2619 287 2700 τέρου,
309 2617 472 2698 τραγικόςι
523 2618 700 2703 τραγῳδίαι
727 2613 828 2680 odacri
853 2617 898 2680 ard
909 2639 918 2682 r
952 2630 1032 2698 quae
1053 2616 1135 2698 quod
1155 2617 1195 2682 de
1215 2635 1278 2682 ttu-

175 2742 262 2790 mero
285 2725 460 2807 discrepant
483 2726 522 2791 ab
543 2726 753 2810 Hieronymo,
787 2725 949 2792 faciliuse
982 2727 1223 2809 corruptelarum
1244 2728 1277 2792 in
1412 2741 1413 2764 ι

174 2835 311 2900 numeris
331 2835 495 2900 crebritate
516 2835 693 2918 explicatur,
716 2853 805 2918 quam
826 2841 859 2900 ut
883 2835 1064 2902 emendasse
1084 2836 1178 2902 iuret.
1214 2837 1279 2904 lle-
1412 2841 1413 2884 l

175 2945 301 3016 melidis
322 2951 423 3014 aulem
445 2947 656 3016 uuolorilaletn
677 2939 806 3029 (ἑτέρου
820 2941 903 3012 εἶναι
922 2945 981 3021 τὰς
993 2947 1190 3034 τραγῳδίαις)
1212 2963 1276 3014 nott

176 3061 223 3122 est
246 3073 302 3120 cur
323 3073 386 3120 non
408 3056 440 3120 in
463 3057 594 3124 eandem
615 3055 797 3124 sententiam
817 3055 922 3122 velere
944 3055 1093 3126 dicamus.
1136 3056 1176 3122 Et
1196 3057 1274 3122 ilie-

148 3144 150 3156 ’
175 3167 297 3250 ronymi
318 3184 457 3237 errorem
477 3186 518 3237 ne
537 3167 825 3251 reprehendendum
857 3167 980 3249 quidam
1001 3167 1127 3250 grauius
1149 3185 1277 3248 censeo,

178 3275 300 3359 quando
322 3276 447 3346 alterius
459 3277 656 3362 Empedoclis
676 3294 790 3348 nomeu
812 3294 927 3342 marma
944 3275 1024 3358 apud
1044 3292 1153 3340 omnes
1175 3276 1274 3341 laudis

176 3386 258 3458 lema
281 3386 422 3469 florebat,
446 3388 572 3457 alterium
592 3395 654 3456 tam
674 3387 795 3473 penius
817 3385 974 3454 oblivione
994 3385 1135 3450 coruum
1156 3390 1223 3466 cst,
1245 3389 1278 3450 ut
1412 3433 1413 3462 ,

173 3497 233 3562 uisi
255 3497 287 3562 in
309 3496 422 3564 Suidae
439 3497 566 3562 latebris
583 3513 733 3578 nusquam
753 3511 834 3560 nuuc
855 3501 1011 3577 appareat

247 3605 302 3670 llis
320 3605 412 3670 multo
425 3606 552 3672 maioris
564 3612 611 3670 est
623 3605 768 3673 momenti
782 3624 819 3670 ea
831 3605 980 3688 quaestio,
993 3621 1072 3688 puae
1087 3606 1127 3672 de
1142 3605 1277 3688 scripto-

175 3697 295 3782 rum'ad
308 3731 407 3802 genus
419 3715 663 3797 philosophicum
675 3715 889 3797 pertinentium
900 3733 1029 3785 numero
1039 3715 1183 3785 etiudole
1196 3732 1277 3784 nmrc

173 3825 360 3894 instituenda
380 3831 437 3890 est.
459 3825 507 3890 Ac
530 3825 786 3908 proficiscendum
808 3832 855 3895 est
875 3827 914 3896 ab
936 3825 1055 3892 duobus
1075 3826 1277 3908 perbrevibus

177 3935 327 4020 Diogenis
342 3934 497 4002 otSuidae
518 3935 608 4015 locis,
631 3952 760 4016 quorum
781 3941 883 4002 tamen
899 3941 930 4000 et
943 3935 1153 4003 auctoritaset
1165 3934 1278 4000 utilitas

177 4060 216 4108 eo
229 4051 367 4126 augetur,
381 4044 463 4125 quod
473 4048 633 4126 utrumque
655 4061 711 4110 suo
725 4061 812 4113 more
831 4044 1129 4129 egrammatioorum
1139 4044 1280 4110 Alexan-

178 4151 338 4217 drinomm
357 4152 583 4219 commentariis
600 4153 667 4218 sive
681 4151 791 4219 tabulis
812 4154 869 4230 (of.
882 4151 998 4217 Rilsobl
1019 4153 1092 4220 bibl.
1108 4152 1277 4222 Alexandr.

183 4275 212 4342 p.
228 4260 304 4336 104)
325 4260 431 4339 eicere
452 4260 584 4330 diversis
608 4262 749 4329 hausisse
770 4278 822 4326 res
845 4263 914 4344 ipsa
932 4261 1033 4328 docet.
1076 4261 1161 4330 lllius
1188 4262 1277 4326 locas

170 4371 230 4435 'etl
250 4367 328 4451 vill,
352 4365 411 4432 77:
433 4363 470 4432 τὰ
489 4369 548 4448 μὲν
569 4361 626 4436 ode
647 4366 722 4452 napi
745 4367 872 4456 φύσεως
899 4369 984 4459 αὐτῷ
1008 4371 1063 4446 aet
1081 4365 1113 4434 toi
1136 4369 1275 4452 damp-
