2854 4734
202 525 300 603 paret,
323 519 423 603 ducta,
443 521 493 602 lll,
511 522 540 599 1,
560 522 582 587 8
604 520 724 603 primm
743 523 818 601 poet
846 535 916 601 eor,
937 531 1014 600 puos
1033 524 1144 601 poetae
1163 516 1293 584 tradito

200 636 283 709 rcnt,
303 633 436 696 mouisse
455 631 559 713 οιίᾳιιο
580 631 666 696 circo
686 631 859 695 rhetoricen
880 629 1077 712 Empedocles
1097 630 1215 694 dicitur.
1244 628 1293 693 llis

202 742 377 806 auctoribus
410 759 589 824 quamquam
617 741 691 806 illud
728 741 768 808 de
790 741 976 822 Empedocle
1012 739 1133 804 electore
1155 739 1294 804 iudicium

202 852 284 914 omni
309 851 490 916 dubitationi
522 851 674 931 eximitur,
699 869 789 932 quem
815 851 972 915 tamenin
996 867 1120 916 sensum
1144 849 1297 930 accipien-

199 959 270 1023 dum
293 966 386 1040 esset,
410 960 607 1026 dissederunt
628 961 822 1042 interpretes,
848 977 916 1022 cum
931 959 983 1024 alii
998 959 1038 1023 de
1051 959 1224 1041 praeceptis
1245 954 1291 1020 vel

166 1071 170 1088 ‘
201 1070 294 1134 etiam
314 1070 401 1135 libris
416 1071 580 1135 rhetoricis
616 1071 809 1154 cogitarent,
834 1087 962 1152 quorum
983 1088 1001 1132 e
1025 1087 1153 1134 numero
1176 1067 1296 1133 exulare

201 1179 299 1258 noluit
324 1198 422 1262 nuper
448 1178 632 1253 Koretereius
654 1180 794 1262 (Emped.
818 1179 928 1262 Agrig.
957 1198 1051 1256 carni.
1073 1179 1163 1261 reliq.
1187 1197 1216 1261 p.
1233 1177 1297 1254 ot),

200 1289 252 1352 alii
269 1289 404 1361 carmina
427 1290 584 1370 rhetorico
598 1308 717 1374 genere
738 1290 837 1354 luisse
856 1289 989 1371 quodam
1004 1288 1098 1366 modo
1119 1288 1215 1355 uncta
1235 1285 1301 1362 uai-

199 1398 288 1478 lcut,
321 1399 403 1482 qaod
435 1399 485 1464 uel
507 1401 632 1476 incitato
654 1399 804 1467 orationis
832 1399 966 1480 impetu,
987 1399 1037 1478 vei
1059 1398 1300 1476 cohortationum

201 1509 312 1579 civium
334 1510 364 1573 vi
386 1529 424 1574 ac
446 1511 607 1598 gravitate,
629 1511 679 1576 vel
700 1509 832 1591 denique
864 1509 1054 1594 singularum
1074 1508 1206 1590 partium
1228 1507 1302 1575 rhe-

202 1624 302 1687 torum
323 1620 355 1682 in
376 1621 500 1690 modum
522 1619 666 1688 meditata
690 1619 893 1702 explicatione
923 1619 1076 1687 contineri
1097 1623 1250 1702 putarent,
1279 1606 1302 1681 E

203 1728 314 1809 quibus
344 1727 404 1797 illis
427 1729 537 1796 desunt
552 1745 679 1811 prorsus
699 1729 884 1808 testimonia,
907 1727 939 1792 bi
956 1727 1093 1812 exempla
1112 1726 1226 1792 afferre
1248 1741 1303 1788 ne·

202 1837 376 1920 glexerunt.
420 1839 485 1902 blec
506 1845 607 1906 umen
628 1855 816 1921 magnopere
839 1843 905 1900 erat
926 1836 1162 1918 haesitandum,
1185 1837 1217 1903 si
1234 1833 1302 1920 gui-

201 1945 272 2019 dem
296 1946 481 2026 Aristoteles
504 1947 624 2024 adnexo
652 1946 785 2019 Zenonis
807 1945 931 2010 nomine
952 1947 991 2026 *J
1014 1945 1199 2018 sententiam
1220 1961 1305 2012 suam

202 2062 251 2124 sat
271 2040 377 2140 aperte
398 2055 577 2131 declaravit.
628 2057 677 2120 lln
699 2057 766 2138 prais
797 2071 931 2138 unquam
951 2054 990 2120 de
1013 2054 1149 2127 Zenonis
1173 2071 1306 2136 praece-

202 2167 262 2250 ptis
283 2165 421 2247 librisve,
446 2166 555 2250 quibus
578 2165 760 2232 dialecticae
782 2165 956 2232 traderetur
978 2181 1029 2231 ars
1052 2170 1083 2229 et
1103 2164 1193 2245 ratio,
1216 2163 1303 2247 quie

205 2293 295 2357 quam
316 2275 457 2342 audivit?
506 2277 568 2370 Sed
600 2279 757 2359 praecepit
786 2276 813 2340 is
842 2292 900 2340 usu
922 2280 1013 2356 atque
1035 2273 1195 2356 exemplo,
1228 2289 1305 2356 quae

202 2391 312 2467 postea
332 2386 371 2452 ab
388 2385 456 2452 aliis
478 2386 510 2450 in
525 2387 599 2452 artis
613 2386 713 2466 capita
727 2385 847 2468 digesta
869 2390 950 2450 sunt.
993 2385 1103 2466 Neque
1122 2383 1212 2452 aliter
1231 2397 1303 2448 usus
1383 2415 1384 2428 ι

201 2501 249 2562 est
258 2496 462 2579 Empedocles
483 2498 528 2562 eis
541 2495 717 2562 rhetoricae
738 2495 818 2560 locis
839 2515 876 2560 ac
897 2495 1073 2577 praeceptis
1095 2493 1302 2574 artificisque,

201 2605 310 2686 quibus
334 2623 386 2670 res
407 2605 567 2686 quaepiam
591 2604 806 2686 disponeretur
827 2609 858 2666 et
877 2603 1100 2685 explicaretur,
1121 2607 1223 2685 partes
1243 2599 1302 2664 de-

201 2713 295 2794 nique
319 2711 459 2796 singulae
482 2712 738 2796 amplificarentur
766 2718 1019 2796 ornarenturque.
1063 2712 1156 2780 Curius
1176 2706 1302 2795 generis
1383 2735 1384 2738 ’

201 2821 322 2890 artificii
334 2822 372 2888 ab
384 2822 570 2905 Empedocle
584 2839 647 2888 non
662 2823 824 2904 contempti
845 2821 1173 2888 servavitdristoteles
1184 2835 1303 2888 memo-

200 2931 280 2998 riam
291 2931 369 2996 rhet.
382 2932 433 3014 111,
446 2933 482 2995 5:
503 2928 607 3016 τρίτοι
622 2931 670 3015 μὴ
689 2929 882 3018 ἀμφιβόλοις
893 2931 1046 3013 (ὀνόμασι
1060 2936 1187 3014 λέγειν.)
1201 2931 1303 2999 τοῦτο

201 3043 247 3122 δὲ,
269 3034 310 3106 civ
322 3039 366 3127 μὴ
382 3040 535 3108 adversio
555 3043 757 3126 προαιρῆται.
782 3033 858 3124 ὅπερ
872 3044 1029 3124 notorious,
1045 3034 1303 3126 &secundicerio

199 3147 298 3234 ἔχωσι
319 3151 433 3234 λέγειν,
455 3150 689 3235 προςποιῶιται
711 3151 797 3216 δέτι
819 3153 937 3235 λέγειν·
977 3147 1005 3216 οἱ
1027 3149 1088 3237 γὰρ
1112 3151 1250 3219 τοιοῦτοι
1270 3149 1303 3214 ἐι

199 3254 325 3343 notiore
345 3261 474 3344 λέγουσι
494 3261 617 3342 caira,
648 3249 714 3326 οἷον
737 3260 959 3345 Ἐμπεδοκλῆς·
1001 3259 1161 3344 φενακίζει
1183 3257 1243 3342 γὰρ
1266 3251 1300 3322 τὰ

198 3368 301 3458 κύκλῳ
314 3365 394 3435 notai
415 3362 450 3436 ὃν
467 3367 522 3436 καὶ
538 3367 718 3453 πάσχουσιν
732 3365 761 3434 οἱ
775 3362 931 3455 ἀκροαταί
952 3361 1029 3454 ὅπερ
1042 3371 1077 3441 ¹ol
1090 3367 1201 3434 acutat
1212 3363 1300 3452 nopai

200 3484 265 3552 τοῖς
282 3477 449 3560 pataream:
467 3481 519 3556 cui
536 3487 639 3549 tamen
652 3481 742 3561 paulo
755 3481 929 3546 obscuriori
941 3481 1147 3546 criminationi
1160 3484 1303 3562 mantum

201 3585 396 3650 tribuendum
409 3587 459 3668 sit,
479 3605 518 3652 eo
533 3588 633 3674 magis
649 3595 696 3652 est
714 3589 940 3675 ambigendum,
963 3591 1045 3672 guod
1059 3607 1159 3673 nepae
1182 3590 1215 3653 in
1237 3590 1303 3662 lra-

201 3695 335 3780 gmentis
351 3695 418 3773 eius
429 3696 477 3762 rei
492 3696 604 3778 ullusi
620 3697 693 3779 quid
704 3698 808 3780 video,
819 3698 933 3766 indicia
946 3704 1059 3780 extant,
1083 3705 1117 3776 at¹
1125 3697 1301 3770 Plutarchus

200 3804 250 3870 his
260 3806 415 3877 coenaria
427 3807 533 3875 testari
544 3807 665 3875 videtur
674 3807 879 3891 exemplisque
891 3810 1051 3886 confirmat
1063 3829 1197 3893 sympos.
1209 3807 1302 3891 pout

204 3915 467 3996 madverte).
510 3907 615 3990 Potest
633 3923 734 3987 autem
756 3918 1072 3994 omninollristotelia
1091 3919 1143 3992 illa
1165 3920 1205 3984 de
1230 3935 1301 3984 car·
1383 3949 1384 3952 =

205 4023 337 4090 minibus
359 4025 442 4092 dicta
461 4027 522 4106 siat
534 4045 583 4104 ,aa
603 4027 641 4094 de
660 4027 849 4102 oratmniuus
866 4028 1013 4132 dubitari.
1039 4027 1210 4110 Scripsisse
1231 4024 1300 4109 qui-

272 4257 301 4328 *)
319 4256 364 4312 Oi·
376 4255 455 4326 Diua·
466 4256 495 4312 la·
507 4255 607 4325 imit
624 4261 735 4332 pnuld'
751 4261 984 4334 'Aprccoriipsir
994 4264 1031 4336 agi
1038 4259 1170 4336 Σοφιστῇ
1187 4251 1301 4331 εὑρετὴν

204 4344 290 4426 aliia
306 4351 451 4428 (ζῄιιιια)
468 4357 607 4426 araturae
625 4353 805 4441 διιιοιιιιῆι,
830 4352 922 4432 ὥςπερ
936 4357 1127 4434 asportante
1145 4352 1300 4430 paroemia.
