2854 4734
527 315 840 412 J-1r-

156 582 160 588 .
182 545 289 595 corum
308 543 454 593 versuum
476 525 576 592 adhuc
596 533 679 592 extat
697 527 804 612 (Diog.
816 527 894 609 vlll,
916 527 958 592 54
979 525 1080 608 stoa,
1100 546 1130 592 v.
1152 527 1192 592 ad
1212 545 1275 592 vss.

181 638 245 703 352
260 647 356 720 sqq).
381 637 445 703 llos
465 638 545 702 enim
566 633 756 721 καθαρμούς
782 643 831 716 (ut
850 655 964 701 nomen
985 643 1116 717 teneam,
1138 638 1219 720 quod
1240 637 1279 702 ab

183 727 294 830 ipsone
314 753 405 828 poeta
427 747 596 829 profectum
626 747 765 811 sitrecte
786 747 918 811 dubitari
938 752 1055 830 potest)
1077 763 1139 810 nou
1161 747 1200 811 ud
1221 745 1282 811 eli·
1305 663 1320 815 ά

185 873 263 938 quos
287 873 361 921 suos
383 857 499 921 amicos
531 855 653 920 misisse
674 856 912 938 Empedoclem,
935 873 1042 920 verum
1064 857 1104 921 ad
1126 854 1279 921 civitatem

184 966 479 1052 Agrigentinorum,
501 964 693 1031 statuendum
718 983 794 1030 sune
815 955 883 1030 cum
903 966 1075 1033 Karstenio.
1118 965 1194 1031 Nam
1214 965 1281 1037 eius

184 1075 315 1142 civitatis
327 1081 478 1142 vetustam
488 1073 702 1157 hospitalitatis
720 1073 840 1140 laudem
853 1074 1005 1158 efferens,
1017 1075 1057 1141 ad
1070 1093 1138 1142 cam
1155 1074 1280 1140 omnino

183 1184 290 1274 dirigit
310 1203 357 1251 rs.
372 1185 436 1252 ael

383 1313 489 1388 ξείνων
513 1309 642 1374 αἰδοίων
665 1311 797 1390 λιμένες.

181 1445 246 1509 Νοο
261 1443 383 1508 videtur
397 1449 446 1509 sat
463 1444 624 1508 commode
636 1444 793 1526 Olympiae
805 1442 837 1506 id
856 1439 980 1528 carmen
992 1445 1117 1510 recitari
1133 1447 1281 1531 potuisse,

180 1553 264 1636 quod
285 1553 324 1616 ad
346 1552 425 1618 duos
443 1559 547 1618 tresve
576 1553 717 1617 homines
741 1553 886 1634 scriptum
915 1559 1007 1619 esset.
1057 1553 1159 1621 Verba
1180 1561 1279 1630 autem

179 1673 259 1741 (uss.
275 1661 349 1728 352.
372 1661 431 1742 53)

160 1807 163 1812 ·
382 1761 411 1834 et
431 1770 534 1857 φίλοι,
557 1768 589 1834 οἵ
601 1775 683 1856 μίγα
698 1765 778 1838 άστυ
796 1769 877 1837 κατά
896 1773 1018 1851 ξανθοῦ
1033 1771 1241 1858 Ἀκράγαντος

378 1881 477 1946 ναίετ’
497 1881 537 1946 άν
558 1873 642 1965 άκρα
661 1878 776 1956 πόλεας

182 2032 249 2080 cum
273 2013 396 2080 aliunde
416 2021 479 2080 tum
501 2035 541 2082 ex
564 2023 639 2082 noto
663 2017 812 2117 Aeneidis
831 2035 925 2084 versu
943 2019 997 2113 ill,
1021 2020 1082 2118 7οβ

300 2204 302 2208 ,
379 2141 502 2207 Arduus
522 2142 595 2206 inde
614 2144 757 2228 Acragas
779 2129 912 2209 ostentat
935 2145 1065 2212 maxima
1087 2145 1182 2234 longe

381 2250 502 2318 Moenia
515 2297 525 2333 ‚

183 2375 416 2460 explicationem
430 2377 593 2459 accipiunt,
605 2374 775 2456 composito
788 2391 856 2440 cum
868 2377 959 2441 Diod.
972 2377 1033 2443 Sic.
1046 2379 1127 2460 Xlll,
1139 2380 1182 2446 84
1195 2385 1278 2460 (κατ’

182 2489 298 2552 ἐκεῖνον
318 2482 379 2570 γάρ
403 2484 458 2550 τὸν
476 2479 593 2570 χρόνον
614 2482 855 2570 Ἀκραγαντῖνοι
882 2488 942 2569 μὲν
968 2479 1050 2571 ἦσαν
1069 2486 1197 2564 πλείους
1218 2493 1282 2554 τάν
1377 2479 1378 2484 ¹

182 2597 373 2679 διςμυρίων,
396 2591 458 2660 οὐν
487 2593 523 2658 δὲ
545 2599 608 2668 τοῖς
630 2595 811 2693 νατοικρῦαι
840 2597 939 2674 ξένοις
968 2595 1027 2659 oric
1048 2589 1199 2674 ἐλάττους
1218 2601 1282 2664 τάν

181 2699 279 2769 εἴκοσι
300 2705 480 2790 μυριάδων,
504 2704 545 2768 oi.
569 2705 661 2789 Diog.
683 2703 761 2786 vill,
785 2704 859 2785 dam
876 2706 973 2772 'unde
994 2713 1025 2772 et
1046 2707 1198 2790 hospitum
1218 2715 1280 2775 tam

180 2817 330 2900 grandem
351 2833 511 2880 numerum
533 2815 771 2880 circumsedisse
798 2817 894 2897 ipsam
909 2817 1016 2882 urbem
1040 2819 1073 2881 in
1094 2818 1172 2884 colle
1194 2820 1284 2886 sitam
1323 2889 1343 2906 g

181 2915 282 3009 (ἄκρα
299 2919 431 3006 πάλους)
453 2924 658 3004 credibilem,
681 2930 712 2987 et
730 2925 911 3006 perspicitur
930 2945 985 2991 cur
1007 2933 1068 2992 tam
1090 2928 1214 2993 curiose
1235 2929 1284 2992 ci·
1323 2919 1333 2936 ”
1346 2905 1367 2920 ”

123 3015 127 3019 ’
182 3035 265 3097 vium
295 3035 388 3100 sedes
416 3033 615 3114 descripserit
649 3040 749 3114 poeta.
795 3034 908 3098 Contra
938 3035 970 3098 in
999 3036 1134 3118 physicis
1160 3043 1283 3118 praeter

182 3143 362 3208 Pausaniam
395 3143 502 3224 (Diog.
524 3141 602 3220 vall,
635 3141 682 3206 do
707 3133 746 3239 ἦν
771 3143 802 3202 δ’
829 3141 1081 3224 inaccusatos,
1109 3140 1154 3220 τίς
1186 3169 1284 3230 φησιν

181 3251 386 3332 Ἀρίστιππος
410 3251 465 3312 καί
485 3248 636 3330 Σάτυρος,
657 3245 814 3330 ἐρώμενος
831 3241 942 3331 αάτοῦ,
962 3239 986 3337 ᾧ
1008 3251 1047 3334 δὴ
1074 3254 1130 3315 καί
1149 3250 1187 3318 τά
1209 3255 1285 3337 περί

183 3355 311 3445 φάσεως
331 3352 594 3442 αραςντεφάνηκεν
618 3348 729 3438 οὕτως,

381 3470 567 3544 Παυσανία,
590 3463 630 3532 σά
654 3468 690 3530 δὲ
710 3468 806 3531 κλῦθι
826 3467 1000 3554 δαΐφρονος
1020 3470 1164 3553 Ἀγχίτου
1187 3469 1253 3552 υἷε)

186 3587 313 3654 alterum
332 3587 464 3670 aliquem
487 3584 698 3667 compellatum
718 3603 818 3650 ossea
835 3591 937 3668 poeta,
961 3606 1037 3652 cave
1059 3588 1168 3654 credas
1182 3590 1284 3674 Berg-

186 3698 238 3762 lno
261 3708 306 3780 (p.
322 3700 397 3777 11):
421 3697 531 3778 quippe
560 3714 577 3759 e
599 3696 708 3778 quibus
730 3702 878 3778 quotquot
911 3697 960 3760 vel
981 3697 1095 3764 diserte
1116 3699 1285 3768 afferuntur

183 3808 421 3890 ascriptoribus
446 3807 617 3888 fragmenta
637 3804 686 3868 vel
707 3812 948 3870 consentaneum
971 3813 1017 3870 est
1034 3807 1171 3888 duxisse,
1195 3829 1231 3873 ea
1255 3816 1285 3874 et

187 3918 326 4012 creoram
352 3924 382 3981 et
404 3923 596 3983 constantem
616 3916 706 3979 unius
719 3933 872 3996 personae
885 3914 1118 3995 appellationem
1140 3918 1282 3999 produnt.

183 4029 291 4109 Neque
311 4031 390 4091 enim
413 4045 492 4109 quae
515 4028 546 4091 in
569 4042 733 4104 eoversu‚
756 4041 816 4105 quo
836 4023 995 4108 Diogenes
1015 4030 1143 4090 testatur
1161 4037 1283 4109 poetam

183 4136 347 4202 allocutum
370 4153 440 4200 esse
462 4135 659 4213 Pausaniam,
691 4134 884 4216 inexpectata
913 4135 1049 4198 occurrit
1067 4137 1215 4217 particula
1236 4139 1282 4216 δέ,

186 4245 254 4310 eius
276 4261 350 4310 usus
374 4244 453 4309 inter
482 4251 543 4308 tem
571 4250 720 4329 angustos
752 4243 829 4308 lines
862 4243 1093 4308 concludendus
1126 4251 1174 4308 est
1194 4259 1283 4324 quam

184 4354 334 4444 Berglius
355 4353 472 4437 voluit,
493 4353 621 4420 Porsoni
656 4355 695 4422 ad
726 4354 829 4442 Eunp.
853 4355 953 4424 orest.
979 4353 1042 4420 614
1077 4364 1162 4432 (oum
1182 4347 1281 4416 sotto

1061 4477 1087 4550 2
