2854 4734
204 497 314 581 quibus
337 501 440 562 terren
458 495 503 561 'de
521 495 604 582 ignis
627 492 764 558 remedio
796 512 875 576 quae
896 498 1018 575 namet,
1039 492 1147 558 nescio
1169 509 1209 560 an
1226 494 1302 558 Em-

201 606 342 690 pedoclis
358 623 426 670 cum
440 606 572 670 Acrcnis
588 603 712 668 nomine
733 604 970 685 commiscuerit,
992 604 1043 686 qui
1055 603 1183 668 Athenis
1204 603 1300 668 fuisse

205 718 318 801 ibique.
336 722 453 800 pestem
472 717 554 800 ignis
584 716 614 779 vi
638 714 789 797 repulisse
824 714 1001 796 perhibetur
1032 713 1122 791 (Plut.
1145 713 1184 776 de
1207 714 1246 776 ls.
1270 719 1301 776 et

205 829 258 896 Os.
279 846 307 910 p.
322 827 411 908 383).
456 827 517 892 Sed
540 825 568 890 si
588 825 719 892 maxime
740 824 800 888 tale
822 825 965 907 quiddam
989 824 1067 908 legit
1088 823 1200 888 Plinius
1222 822 1302 905 apud

206 936 434 1019 Empedoclem,
458 941 645 1000 memoratur
665 954 703 1000 ex
725 935 815 998 huius
830 934 964 998 carmine
974 933 1102 1018 physico
1124 939 1186 998 tam
1204 931 1303 996 subti-

206 1046 245 1110 lis
265 1063 368 1110 rerum
402 1044 559 1127 adipsum
589 1051 686 1109 artem
708 1045 859 1110 medicam
890 1045 1091 1126 spectantium
1122 1041 1252 1106 scientia
1273 1046 1304 1107 et
1354 1024 1374 1136 'q‘
1405 1034 1410 1044 ’

207 1154 343 1240 cognitio
366 1163 415 1233 (v,
432 1159 556 1237 praeter
578 1153 637 1219 alia
652 1153 725 1217 Plut.
748 1153 825 1236 plac.
849 1152 923 1237 phil.
952 1153 1004 1216 lib.
1028 1153 1184 1234 lVetV),
1208 1157 1303 1215 utne
1346 1141 1387 1246 J

207 1263 282 1330 illud
297 1263 420 1348 quidem
440 1263 478 1328 ab
499 1263 588 1329 huius
607 1263 750 1329 carminis
771 1269 951 1346 argumento
976 1262 1175 1328 abhorruisse
1194 1261 1305 1326 dicen·
1380 1265 1395 1316 .“

204 1525 293 1584 τόπον
314 1527 460 1588 αίτοῦντος
478 1521 559 1599 παρα
579 1527 747 1598 sirpiculis
768 1529 807 1585 etc
817 1519 992 1592 carnotensisc
1009 1521 1143 1596 πατρῴου
1159 1523 1306 1598 μνήματος
1418 1567 1419 1572 ,

205 1621 252 1679 διὰ
271 1617 322 1690 την
348 1624 379 1682 ἐν
401 1633 460 1684 τοῖς
481 1625 588 1695 ίατροίς
616 1624 774 1696 ἀκρότητα,
796 1616 947 1694 παρελθών
974 1621 1042 1676 t’E.
1063 1619 1203 1686 dodilone,
1224 1621 1257 1675 roi
1279 1621 1303 1676 τ’

205 1719 278 1774 ἄλλα
301 1723 369 1792 περὶ
387 1719 512 1788 ἰσότητος
531 1719 689 1792 διαλεχθεὶς
712 1724 761 1774 καί
779 1739 806 1775 τι
831 1724 879 1774 καὶ
895 1719 1026 1776 τοιοῦτον
1049 1719 1203 1791 ἐρωτήσας·
1231 1721 1261 1772 τί
1279 1715 1304 1771 d'

207 1816 410 1892 ἐπιγράψομεν
428 1818 572 1888 ἐίεγείονς
592 1813 606 1884 ἣ
622 1819 704 1872 τοῦτο
709 1822 734 1886 ,·)

401 1927 512 2002 ’Ἀκραν
532 1925 633 2002 ίατρόν
646 1915 758 2002 ’Ἀκρων
777 1933 1001 2004 Ἀκραγαντῖνον
1020 1924 1129 2001 πατρὸς
1146 1927 1235 2002 ἄκρου

441 2027 560 2100 κρύπτει
577 2021 704 2101 κρημνὸς
724 2025 811 2100 ἄκρος
834 2027 972 2099 πατρίδος
990 2024 1154 2099 ἀκροτάτης,

209 2120 274 2174 scite
294 2119 445 2176 observavit
465 2122 634 2198 anenbonus
653 2123 685 2175 ad
708 2123 726 2174 l.
767 2123 818 2176 Sed
844 2123 921 2174 huius
940 2121 1042 2174 distichi
1062 2137 1111 2190 per
1130 2137 1160 2176 se
1181 2122 1244 2174 satis
1261 2121 1305 2172 ia.

209 2216 274 2271 ruisi
295 2225 374 2287 atque
396 2225 487 2286 aperte
505 2219 537 2272 ad
556 2218 752 2272 similitudinem
772 2218 829 2270 eius
843 2218 1069 2285 adnominationis,
1090 2233 1141 2288 qna
1159 2217 1245 2272 lusam
1264 2223 1305 2272 eet

208 2315 338 2384 principio
349 2316 510 2390 καθαρμῶν

323 2411 376 2466 352
414 2407 436 2466 ὦ
458 2414 544 2492 φίλοι,
565 2412 594 2468 οἳ
609 2414 685 2485 μέγα
704 2409 775 2466 ἄστυ
796 2407 867 2466 κατὰ
888 2412 996 2475 ξανθοῦ
1013 2411 1227 2484 Ἀκράγαντος

409 2511 496 2566 ναίετ’
516 2509 551 2566 τίν
570 2507 661 2584 ἄκρα
679 2507 795 2574 πόλους,

204 2602 268 2670 ilcti,
288 2609 402 2674 augetur
420 2603 530 2674 originis
548 2605 665 2674 suspicio
676 2605 886 2659 narratiunculae
897 2603 1057 2674 praemissae
1067 2603 1156 2674 putida
1176 2602 1306 2671 fatuitate,

203 2714 271 2770 quaa
289 2707 350 2769 post
366 2699 437 2754 illins
456 2700 557 2754 demum
590 2701 786 2756 fabricationem
811 2717 826 2754 a
848 2703 937 2756 nescio
966 2717 1018 2773 quo
1039 2701 1200 2756 homuncule
1217 2707 1305 2756 assuta

206 2796 317 2868 uidetur.
365 2797 423 2863 Quo
450 2813 507 2850 cum
529 2799 668 2852 accederet
685 2799 838 2867 posterioris
859 2815 950 2853 versus
969 2799 1066 2868 duplex
1084 2801 1205 2854 recensio
1222 2799 1307 2872 (reads

203 2894 235 2949 dd
252 2887 300 2952 adn
320 2894 452 2968 δεύτερον
474 2901 573 2966 στίχον
597 2893 668 2953 οὕτω
683 2899 891 2970 προφέρονται,
912 2897 1066 2970 despondens
1086 2903 1215 2969 κορυφῆς
1232 2896 1303 2970 τύμ-

203 2997 251 3061 βος
276 2989 363 3064 ἄκρος
389 2996 512 3063 κατέχει)
536 2993 704 3062 auctorisque
730 2993 887 3045 incertitudo
914 2993 1010 3062 (τοῦτό
1040 3007 1116 3054 τινες
1143 2991 1307 3066 Σιμωνίδου

206 3090 299 3158 φασὶν
319 3085 426 3154 εἶναι),
456 3102 509 3141 που
534 3089 650 3142 dubitavi
677 3103 693 3140 a
719 3089 923 3158 fragmentorum
950 3103 1061 3156 corpore
1086 3089 1214 3142 recidere.
1251 3087 1307 3142 liec

206 3178 293 3233 lenius
329 3181 494 3236 indicendum
528 3183 562 3235 de
595 3183 781 3250 epigrammate
819 3191 872 3236 tarn
907 3183 1060 3252 Empedocli
1092 3191 1144 3238 tum
1181 3184 1308 3241 Simonidi

204 3275 338 3344 metipsos

400 3377 573 3442 Παυσανίην
594 3368 687 3449 ἰητρὸν
705 3357 859 3449 ἐπώνυμον
879 3375 1007 3448 Anteae
1030 3367 1096 3433 υίόν

440 3470 512 3544 φῶτ’
529 3471 737 3542 Ἀσκληπιάδην
754 3477 859 3546 πατρὶς
875 3473 982 3546 ἔθρεψε
1002 3475 1081 3540 ree,

404 3563 435 3628 ie
452 3562 578 3632 πολλοὺς
593 3578 747 3644 μογεροῖσι
762 3573 994 3647 μαραινομένους
1012 3569 1170 3646 καμάτοισι

440 3667 539 3738 φῶτας
559 3665 736 3740 ἀπέστρεψεν
759 3668 946 3743 Φερσεφόνης
965 3665 1086 3734 α’σύτιυν,

205 3761 283 3832 quod,
302 3762 361 3816 siva
379 3775 438 3814 cum
457 3761 578 3831 Diogene
595 3765 701 3836 ἔθρεψε
729 3764 787 3819 sive
818 3781 876 3818 cunr
895 3764 1056 3836 hathologia
1074 3765 1193 3819 Palatina
1212 3767 1304 3840 ἔθαψε
1357 3805 1360 3812 -

203 3857 310 3929 legitur,
329 3873 382 3912 nen
394 3865 480 3928 potest
494 3874 547 3912 non
565 3860 593 3912 in
614 3861 707 3914 mortui
720 3861 865 3914 Pausaniae
883 3863 1032 3914 memoriam
1049 3861 1220 3929 compositum
1236 3878 1305 3930 essa,

203 3967 281 4023 qnam
301 3953 403 4008 seilicet
422 3955 573 4010 Heraclidae
593 3957 732 4025 Ponticus,
759 3957 922 4026 llippobatus
947 3964 973 4010 et
991 3957 1111 4013 Timaeus
1128 3959 1218 4032 (lting.
1235 3961 1304 4016 vlit.

202 4045 248 4104 68.
266 4046 310 4102 69.
324 4047 373 4121 71)
391 4049 545 4121 Empedocli
564 4054 731 4122 superstitem
750 4053 834 4108 luisse
851 4053 967 4106 indicent
985 4056 1033 4121 (ci.
1047 4053 1145 4126 Bergk.
1164 4065 1302 4110 commeat.
1341 4055 1345 4068 ’

204 4144 237 4199 de
258 4143 367 4214 Enpad.
389 4161 504 4214 prooem.
525 4165 553 4217 p.
571 4149 590 4204 8
607 4153 647 4222 a.)
666 4179 701 4192 -
720 4147 842 4203 Ceterum
866 4149 951 4204 l’linio
980 4167 1014 4205 ne
1032 4151 1064 4204 de
1082 4151 1244 4205 medicorum
1262 4151 1303 4202 hi·
1331 4141 1335 4149 '

204 4242 286 4298 storin
303 4240 425 4296 ddentins
441 4244 533 4298 credas
555 4253 645 4301 monet
664 4241 812 4316 exemplum
829 4247 988 4319 Epicharmi,
1009 4249 1078 4318 quod
1096 4244 1302 4303 tractauitwel-
1418 4249 1419 4254 ’

206 4337 279 4396 cher.
299 4353 392 4410 opusc.
411 4339 423 4395 1
445 4355 471 4410 p.
490 4337 552 4396 349.
1310 4329 1332 4344 ”
