2854 4734
637 368 828 442 ..P-

181 562 238 644 μοί
259 563 305 636 εἷς
332 555 392 645 ίιιη
413 561 551 625 τείνὸνσι
570 555 826 642 πεντακιςχίλια,
854 557 870 622 ὅ
893 560 929 626 δὲ
960 555 1098 644 ίατρικὸς
1126 557 1216 645 λόγος
1237 563 1283 639 εἷς

183 667 244 754 ἔπη
265 665 429 749 ἑξακόσια·
472 670 547 752 περὶ
576 669 611 762 dd
630 669 693 732 rato
714 671 899 756 τραγῳδιῶν
928 668 1167 755 προειρήκαμεν,
1191 671 1281 738 huius

183 803 208 848 s.
234 800 269 846 v:
301 775 423 862 ἔγραψε
446 779 487 842 δι’
523 775 606 842 ἐπῶν
629 778 705 862 περί
737 775 866 862 φάσεως
902 778 962 842 τῶν
991 769 1089 842 ὄντων
1117 779 1225 861 βιβλία
1243 783 1281 864 γ’.

183 889 238 955 καί
257 885 342 954 ἔστιν
363 882 421 971 ἔπη
452 883 494 962 τάς
515 887 670 968 ιλιςχίλια·
703 881 830 969 ιάτρικά
862 884 1102 971 καταλογάδηντ
1133 889 1282 972 quibuse

182 999 354 1064 coniunctis
383 1012 461 1080 puae
491 995 633 1078 procudit
669 995 807 1060 Eudo'oia
841 1011 870 1077 p.
895 995 954 1061 too
984 997 1152 1080 erroreque
1185 999 1278 1064 foedo

182 1105 327 1192 (ἰατρικαὶ
348 1108 458 1188 βιβλία
480 1100 530 1184 ἔξ]
553 1105 726 1186 maculavit,
749 1105 894 1189 neglego.
938 1106 1039 1187 Atque
1060 1101 1151 1190 λόγον
1173 1110 1279 1193 ιάιρι-
1341 1127 1344 1132 ·

180 1215 237 1284 τὸν
259 1236 278 1282 a
299 1217 438 1300 Diogene
458 1219 658 1281 memoratum
685 1219 771 1290 (narn
805 1215 923 1280 codicis
944 1213 1194 1284 vindobonensis
1214 1219 1280 1285 eius

179 1328 359 1394 memorien
379 1326 546 1391 omittentis
565 1341 606 1389 ne
630 1335 720 1408 quam
742 1324 852 1391 credas
875 1325 907 1389 itu
928 1325 990 1390 hoc
1014 1323 1188 1394 habendam
1209 1347 1280 1394 esse

178 1439 341 1519 rationem,
364 1435 446 1502 scias
468 1435 600 1500 eundern
622 1441 728 1517 aperto
748 1433 860 1500 nicndo
885 1453 940 1520 pro
961 1439 1195 1520 πεντακιςχιλια
1219 1459 1279 1505 ex-

178 1549 286 1612 hibere
310 1544 517 1624 πεντακόσια)
540 1563 609 1610 eum
630 1545 725 1632 igitur
743 1541 832 1628 λόγον
854 1562 917 1610 non
939 1547 1090 1628 versibus,
1111 1543 1168 1612 sed
1187 1567 1280 1630 prosa

177 1659 320 1724 oratione
338 1659 544 1740 conscriptum
559 1657 665 1738 fuisse,
688 1663 750 1722 tom
771 1656 940 1722 luculenter
955 1657 1065 1722 suidas
1085 1663 1224 1741 testatur,
1249 1667 1283 1724 ut

175 1769 355 1834 Karstenius
377 1767 458 1832 iraud
481 1767 522 1832 sit
541 1767 723 1844 audiendus,
746 1767 808 1850 qui,
832 1783 901 1831 curn
923 1767 1051 1831 fontium
1076 1768 1284 1834 diversitatem

178 1897 241 1942 non
260 1879 486 1962 perspexisset,
519 1897 537 1941 c
558 1877 708 1962 Diogenis
742 1873 823 1964 λόγῳ
846 1872 960 1943 Suidac
982 1873 1200 1962 καταλογάδην
1220 1879 1278 1945 de-

177 1993 293 2052 tonsum
317 2007 355 2052 oc
383 1985 581 2070 depravatum
605 1993 676 2051 esse
704 1989 876 2069 suspicatus
906 1993 954 2052 est
975 2005 1012 2052 ac
1036 1988 1181 2052 continuo
1206 2007 1278 2053 cor-

180 2111 251 2160 nren
273 2097 305 2160 id
329 2096 426 2160 tuisse
443 2096 611 2176 contendit,
631 2095 715 2177 huic3
741 2095 848 2176 credo,
864 2097 996 2161 maxine
1011 2097 1134 2164 innixus
1154 2098 1280 2180 rationi,

151 2277 153 2281 ,
178 2204 261 2288 quod
283 2200 341 2290 ἔπη
364 2205 425 2269 nisi
447 2206 487 2269 de
507 2205 648 2272 versibus
670 2205 813 2286 usurpari
828 2220 891 2268 non
910 2211 1049 2287 putaret:
1074 2207 1160 2272 ouius
1182 2208 1282 2272 ratio-

178 2316 228 2402 nis
247 2315 308 2380 vin
330 2313 447 2378 diluunt
469 2333 548 2398 quae
578 2315 618 2378 de
651 2313 764 2395 duplici
789 2313 822 2376 in
840 2313 987 2378 librorum
1020 2316 1170 2402 catalogis
1191 2318 1279 2382 vocis

180 2428 247 2491 eius
270 2443 329 2490 usu
344 2427 504 2511 congessit
525 2419 860 2507 exemplaititsc'helius
876 2423 930 2488 tt.
952 2441 981 2507 p.
998 2427 1067 2490 101.
1111 2421 1176 2491 Nec
1192 2445 1280 2510 vero,

178 2541 213 2600 ut
236 2535 336 2600 visum
359 2539 407 2601 cst
425 2535 608 2616 Karstcnio‚
638 2535 813 2617 respexisse
838 2533 990 2599 eiusmodi
1012 2549 1137 2598 carmon
1156 2535 1281 2600 Aristo-

176 2645 268 2712 telem
288 2651 371 2729 poet.
394 2645 419 2727 l,
445 2647 460 2708 1
497 2639 544 2723 (οἱ
570 2635 738 2728 άνθριοιιοί
758 2655 793 2727 γε
824 2643 1034 2719 συνάπτοντες
1057 2645 1100 2732 τῷ
1119 2646 1223 2732 μέτρῳ
1244 2641 1278 2711 τά

178 2761 281 2820 ποιεῖν
301 2751 544 2838 ίλεγειοποιοάς,
567 2751 644 2829 τούς
666 2744 701 2818 δὲ
716 2749 885 2828 ε’ποποιοάς
906 2744 1130 2834 ὀνομάζουσιν,
1153 2752 1215 2838 οάχ
1237 2753 1280 2830 τάς

125 2925 129 2936 ‚
177 2861 252 2940 τούς
272 2859 350 2928 κατά
374 2865 509 2948 μίμησιν
523 2861 665 2948 ποιητάς,
685 2859 765 2926 άλλά
787 2864 876 2949 κοινῇ
899 2857 980 2925 κατά
997 2857 1033 2926 co*
1054 2863 1170 2944 μέτρον
1185 2883 1282 2944 προς.

177 2973 393 3056 ογαρεάονττς.
446 2971 581 3056 καὶγὰρ
611 2965 653 3038 άν
675 2968 820 3056 ίατρικὸν
848 2962 870 3053 ἢ
897 2969 1051 3051 μουσικόν
1073 2991 1104 3033 τι
1138 2967 1190 3034 διά
1213 2973 1278 3038 ταῖν

178 3085 303 3166 μέτρων
326 3083 520 3166 ἐκφάρωσιν,
551 3077 634 3146 οὕτω
656 3087 763 3146 καλεῖν
785 3077 950 3145 εἰώθασιν.
1003 3074 1098 3143 ον’δὲν
1118 3079 1154 3151 δὲ
1176 3075 1280 3146 κοινάν

179 3191 266 3252 dum
281 3183 409 3276 Ὁμήρῳ
437 3193 493 3252 καί
512 3184 713 3270 Ἐμπεδοκλεῖ
736 3186 817 3271 πλην
845 3185 879 3253 τά
899 3185 1022 3272 μέτρονι
1078 3185 1127 3252 διὸ
1151 3185 1202 3252 τὸν
1221 3192 1281 3269 μὲν

180 3294 315 3380 ποιητὴν
334 3298 456 3360 δίκαιον
471 3303 587 3381 καλεῖν,
606 3293 716 3382 τὸνιλὲ
732 3299 925 3381 φασιαλάγον
946 3298 1068 3377 μᾶλλον
1086 3292 1108 3381 ἢ
1129 3295 1280 3382 ποιητὴν)

178 3412 306 3490 proptor
327 3406 417 3470 huius
442 3406 482 3470 dc
504 3406 624 3488 poetica
646 3405 741 3470 tiballi
767 3406 858 3470 nimis
880 3407 1030 3471 contracti
1054 3413 1085 3472 ct
1112 3408 1207 3472 lutati
1228 3409 1280 3472 in-

179 3515 281 3580 dolem
303 3515 449 3581 affirmari
466 3521 577 3597 potest,
601 3521 631 3578 et
654 3515 796 3597 dctcnat,
820 3516 847 3580 si
867 3516 998 3581 maxime
1020 3515 1216 3599 Empedoclis
1239 3517 1279 3584 dc

178 3631 244 3690 arte
267 3625 388 3690 medica
422 3631 548 3690 cutmen
568 3617 706 3710 intellegi
741 3625 884 3707 volebat,
921 3621 1073 3691 ineditum
1093 3627 1194 3708 hunc,
1213 3645 1279 3692 non

177 3735 392 3820 physiologurn
416 3731 580 3817 appellare.
625 3725 778 3812 Quocirca
800 3756 817 3800 a
848 3733 917 3800 talis
939 3735 1045 3818 scripti
1065 3724 1151 3800 titulo
1171 3737 1279 3802 seiun-

177 3843 272 3928 gendi
291 3849 361 3909 sunt
382 3861 503 3926 versus,
527 3861 604 3927 quos
627 3845 805 3911 Karstcnius
828 3862 866 3909 eo
900 3861 1080 3927 quamquam
1099 3845 1278 3910 ‘dubitanter

177 3953 289 4034 retulit,
320 3953 590 4038 Diog.vt11‚59:
621 3957 731 4021 τοῦτον
762 3957 931 4038 (Γοργίαν)
961 3957 1059 4038 φησίν
1089 3951 1106 4016 ὅ
1135 3950 1278 4042 Σάτυρος

177 4065 279 4144 λέγειν
300 4062 342 4138 ὥς
364 4061 462 4138 atate
485 4063 602 4148 παρείη
623 4063 667 4149 τῷ
685 4062 891 4143 Ἐμπεδοκλεῖ
903 4060 1093 4145 γοητεύοντι.
1116 4059 1200 4126 otte
1222 4066 1278 4126 καί

177 4165 275 4236 αάτόν
296 4169 349 4234 διά
372 4173 433 4234 τάν
452 4170 639 4256 ποιημάτων
662 4173 914 4252 ἐπαγγέλλεσθαι
944 4164 1038 4235 τοάεά
1059 4163 1092 4234 τε
1115 4160 1273 4235 καί·άλλα

178 4282 286 4363 πλεῖαι,
309 4279 351 4366 δι’
370 4269 414 4343 ὧν
434 4295 530 4364 φησι·
