2854 4734
135 515 232 582 visset
253 515 367 596 (llarst.
390 532 419 598 p.
439 514 505 594 81).
555 515 595 579 dt
625 515 696 580 vide
723 533 783 598 apro
815 516 894 582 haec
926 517 1030 600 opinio
1061 515 1233 584 deduxerit.

134 615 313 694 Karstenius
335 625 458 708 pixidem
481 635 566 702 (nam
595 623 746 709 Berglrius
778 632 809 690 et
828 626 1079 692 l’anzerhieterus
1100 646 1159 693 nec
1179 645 1236 692 νο.

86 769 90 775 ·
133 737 255 802 luerunt
287 725 372 802 suos'
399 736 525 802 ordines
553 735 705 800 Plutarchi
737 737 840 802 verhis
872 737 990 802 munire
1025 755 1084 802 neo
1124 743 1238 819 potue-

135 855 228 927 runt)
265 865 328 912 non
356 847 424 911 sine
454 847 583 912 rationis
616 849 788 914 constantia
825 847 963 914 adiunxit
997 847 1057 911 illis
1096 847 1237 914 versibus

134 959 346 1044 prooemiique
380 957 575 1042 participavit
613 975 675 1022 ass.
707 956 780 1022 436.
808 958 872 1038 37,
905 956 1014 1039 quihus
1054 975 1125 1021 esus
1168 957 1238 1022 ani·

135 1068 257 1134 maliunr
288 1068 485 1150 abhorretur,
519 1085 612 1151 porro
634 1086 696 1133 uss.
720 1067 899 1150 377-380,
929 1068 980 1150 qui
1010 1072 1134 1148 praeter
1170 1055 1237 1132 ele-

134 1184 303 1243 mentorum
344 1184 573 1260 praeposteram
615 1178 848 1262 appellationem
890 1179 1072 1243 daemonum
1111 1177 1236 1241 omnino

135 1289 198 1354 fata
226 1288 384 1352 continent
409 1288 549 1353 similiter
577 1308 614 1353 ac
646 1307 692 1353 νε.
714 1289 792 1355 388:
826 1306 904 1370 puae
931 1287 1035 1352 omnia
1060 1286 1127 1368 ipse
1144 1285 1237 1350 vide-

135 1398 197 1478 rit,
225 1415 315 1480 quam
343 1403 412 1480 apte
441 1397 568 1462 carmini
599 1397 727 1482 physico
749 1398 918 1480 praemissa
938 1396 1018 1475 rint,
1054 1396 1235 1478 praesertim

140 1526 208 1572 cum
227 1507 323 1590 ipsius
344 1507 494 1590 prooemii
517 1526 553 1572 ea
575 1524 646 1589 pars
667 1507 785 1589 reliqua
814 1507 855 1571 sit
874 1516 952 1584 (uss.
976 1505 1093 1584 1—23)
1116 1523 1175 1570 nec
1196 1507 1235 1570 ah

136 1617 198 1682 ullo
220 1617 345 1683 homine
371 1617 557 1692 addubitata,
579 1634 667 1698 quac,
691 1616 779 1698 quale
796 1615 877 1679 illius
900 1619 1109 1700 argumentum
1131 1613 1234 1694 luerit,

134 1745 198 1792 non
219 1728 300 1822 sinat
321 1728 489 1812 ambigere.
544 1727 709 1791 Conficitur
738 1733 838 1791 autem
857 1743 926 1802 res,
956 1725 983 1789 si
1009 1741 1067 1806 qua
1088 1724 1235 1808 dubitatio

134 1837 287 1917 resideat,
311 1838 357 1902 eis
382 1855 461 1920 quae
482 1836 658 1902 Plutarchus
679 1837 821 1902 versibus
849 1836 909 1900 illis
933 1834 1121 1900 continuavit
1139 1853 1237 1917 quae-

137 1967 207 2032 que,
229 1947 366 2030 quamvis
399 1953 543 2010 monente
565 1945 801 2030 Wpttenhachio
824 1964 929 2029 opusc.
952 1951 972 2008 t.
990 1946 1027 2008 ll.
1049 1964 1078 2028 p.
1096 1947 1158 2010 528
1178 1946 1236 2011 ha-

134 2059 210 2122 here
233 2074 270 2120 ea
291 2055 525 2138 explicationem
542 2073 779 2140 progressorum
802 2055 924 2119 ductam
944 2075 984 2120 ex
1004 2056 1100 2138 ipsius
1121 2056 1236 2140 Empe-

136 2167 236 2232 doclis
259 2166 327 2231 aliis
352 2165 448 2244 locis,
470 2165 563 2250 vulgo
594 2183 700 2249 parum
722 2165 916 2232 attenderunt
938 2165 1140 2248 interpretes:
1175 2165 1237 2248 οδχ

133 2271 260 2356 ἑαυτὸν,
283 2275 349 2338 άλλ’
369 2267 426 2361 άφ’
447 2271 565 2342 ἑαυτοῦ
592 2273 714 2352 πάντας
737 2275 943 2340 duodeciacum
964 2271 1165 2356 μετανάστας
1187 2272 1238 2340 έν-

133 2387 240 2451 radda
261 2383 316 2450 xci
338 2387 443 2464 ξένους
466 2386 520 2448 καί
541 2381 689 2469 φυγάδας
721 2382 805 2467 ἡμᾶς
829 2375 929 2459 ὄντας.
992 2383 1040 2447 Οά
1059 2381 1120 2468 γάρ
1145 2376 1236 2468 αἷμα,

137 2500 234 2585 φησιν
245 2545 255 2578 ,
279 2493 355 2581 ἡμῖν
389 2495 466 2560 ου’δδ
488 2496 614 2576 πνεῦμα
634 2494 838 2578 συγκραθέν,
861 2487 887 2556 οδ
912 2483 1100 2578 desponde,
1122 2495 1236 2578 ψυχῆς

134 2603 247 2670 ου’σέαν
267 2606 322 2669 καί
343 2598 447 2688 α’ρχην
470 2603 639 2686 παρέσχεν,
663 2600 732 2664 άλλ’
748 2601 783 2664 έιι
802 2597 920 2666 τοάτοον
940 2600 975 2666 τό
998 2604 1092 2682 σῶμα
1113 2605 1235 2683 συμπέ-

134 2716 282 2791 πλασται,
303 2713 429 2794 γηγενές
451 2710 506 2774 καί
527 2703 663 2795 δνητάν·
683 2711 738 2790 τῆς
758 2709 793 2772 δὲ
814 2711 924 2793 ψυχῆς
945 2707 1122 2792 ἀλλαχόθεν
1136 2705 1236 2793 ›iard-

134 2843 192 2905 σης
214 2821 319 2904 δεῦρο,
341 2815 399 2904 τη“ν
421 2822 543 2904 γένεσιν
563 2818 743 2904 ἀποδημίαν
759 2816 989 2903 ὑποκορίζεται,
1006 2821 1049 2906 τῷ
1070 2822 1234 2908 πραοτάτῳ

133 2931 196 2996 τῶν
233 2927 414 3012 άνομάτων·
464 2927 499 2993 τὰ
530 2929 558 2991 δ’
591 2916 827 3013 άληθέστατον,
859 2920 970 3016 φεάγει
1001 2931 1057 2994 κατ’
1077 2932 1235 2996 πλανᾶται

136 3043 237 3114 dathae
260 3040 453 3123 ἐλαυνομένη
476 3035 593 3121 δόγμαι
617 3034 672 3102 κατ’
692 3037 817 3120 νόμοις·
849 3031 933 3124 εἶτα,
964 3032 1065 3124 ὥςπερ
1095 3033 1129 3102 έν
1151 3036 1234 3128 νὴσφ

135 3145 233 3212 σάλον
268 3144 386 3235 έχοάση
408 3145 526 3224 πολάν,
557 3137 700 3230 καθάπερ
736 3147 833 3233 φησὶν
864 3146 880 3212 ὃ
912 3145 1070 3231 Πλάτων,
1099 3147 1233 3233 ὀστρέου

135 3253 253 3342 τρόπον
275 3258 460 3342 ἐνδεδεμένη
491 3259 533 3344 api
558 3253 701 3338 σάματι,
723 3254 776 3320 διά
804 3255 839 3322 τὸ
860 3253 903 3343 μη
928 3258 1137 3344 μνημονεύειν
1159 3257 1233 3341 μηδ’
1295 3291 1297 3296 ·

136 3365 324 3455 άναφέρειν,

104 3533 107 3536 .
236 3476 299 3543 390
343 3479 376 3556 έξ
398 3477 466 3560 οἵης
484 3478 576 3560 τιμῆς
597 3500 631 3541 τε
653 3475 707 3542 ναέ
729 3469 826 3544 ὅσσου
849 3472 966 3560 μηίιεος
990 3465 1087 3558 ὄλβου

136 3601 417 3685 pentaspaston:
433 3601 541 3684 quihus
554 3605 746 3686 perspicuum
761 3611 817 3689 est,
830 3604 1009 3688 exposuisse
1018 3605 1234 3688 Empedoclem

135 3729 221 3778 suam
235 3709 274 3776 de
286 3712 454 3776 animarum
474 3717 591 3792 natura,
608 3713 740 3796 origine,
758 3715 839 3795 latis,
864 3714 1090 3779 immortalitate
1102 3715 1233 3797 denique

136 3821 306 3888 doctrinam
314 3821 341 3887 si
353 3821 452 3888 minus
463 3821 649 3887 contrariam
660 3821 795 3906 physicis
805 3824 900 3906 ipsius
914 3825 1095 3906 rationibus,
1107 3830 1138 3890 at
1150 3831 1234 3891 certe

136 3933 380 4014 aprooemiandi
400 3934 567 3999 occasione
582 3951 709 4025 prorsus
722 3933 947 4000 abhorrentem.
969 3936 1034 4000 Nec
1047 3935 1106 4000 iam
1120 3935 1234 4002 diutius

134 4042 367 4107 remorabuntur
386 4061 443 4108 nos
467 4043 617 4108 Plutarchi
638 4044 734 4108 verha
757 4044 889 4124 citantis,
910 4043 1089 4126 qnippe'cui
1110 4050 1171 4110 tam
1194 4045 1232 4109 de

135 4149 310 4216 lustralibus
346 4169 436 4232 quam
468 4153 507 4216 de
536 4152 670 4236 physicis
702 4154 824 4216 licuerit
858 4156 1051 4237 φιλοσοφίας
1080 4155 1231 4218 vocabulo

135 4261 188 4344 uti,
209 4276 268 4323 nec
289 4259 390 4340 potius
411 4260 450 4322 ah
472 4262 631 4342 prooemio
651 4262 703 4324 illo
725 4261 856 4342 superbo
879 4261 917 4324 ad
935 4261 1157 4348 Agrigentinos
1180 4261 1232 4325 di-

138 4375 223 4434 recto
244 4367 361 4434 initium
383 4368 613 4454 philosophicae
635 4371 837 4456 expositionis
852 4377 1003 4456 repetere,
1025 4389 1113 4456 quam
1132 4371 1170 4438 ah
1194 4389 1231 4438 ea
