2854 4734
206 641 387 728 stipationes
418 639 457 706 ad
488 639 538 704 dei
556 654 662 705 rursus
683 639 784 704 locum
816 657 851 704 se
885 635 1049 706 enixurum
1066 655 1136 708 esse
1154 647 1303 710 narraret.

205 751 367 818 Hierocles
389 753 422 814 in
439 765 531 819 cerm.
548 769 612 815 eur.
632 767 659 832 p.
678 747 740 813 254
762 743 885 814 ια’τειοι
907 747 967 833 γάρ
984 749 1039 814 καί
1061 747 1229 818 α’ποπίπιει
1250 757 1305 838 τῆς

208 859 395 942 εὐδαίμονος
416 855 525 944 χώρας
546 853 563 921 ὅ
587 849 765 945 ἅνθρωπος,
787 857 831 936 adr
850 860 890 924 Ἐ.
907 858 1005 946 φησίν
1028 857 1043 924 ὁ
1065 860 1303 947 Πυθαγόρειος,

304 997 364 1062 381
664 994 768 1081 φυγὰς
791 994 905 1059 θεόθεν
920 997 974 1058 καί
992 992 1107 1080 ἀλήτης
1132 1013 1134 1020 ’
1185 1081 1187 1085 Α

403 1127 500 1189 νείκεϊ
519 1125 699 1210 μαινομένῳ
716 1126 855 1197 πίσυνος.
869 1125 905 1202 a)

199 1258 323 1330 ”Arsaos
344 1263 381 1325 de
404 1257 458 1324 καί
483 1256 539 1341 τήν
566 1257 705 1340 ἀρχαίαν
732 1258 795 1334 ἕξιν
831 1249 1069 1340 ἀπολαμβάνει,
1094 1261 1125 1326 εἰ
1145 1255 1243 1346 φύγοι
1266 1257 1305 1325 τὰ

207 1373 280 1454 περί
298 1373 355 1454 γῆν
378 1371 432 1434 καί
452 1365 506 1434 τὸν
529 1367 668 1446 α’τερπέα
693 1369 798 1450 χῶρον
816 1375 879 1446 (vs.
901 1367 998 1448 385),
1029 1367 1071 1444 ὥς
1094 1363 1110 1430 ὅ
1135 1365 1232 1444 odada
1251 1373 1304 1436 λε’.

205 1503 264 1564 νει,
286 1476 364 1544 ἔνθα
386 1478 481 1566 φόνος
493 1484 559 1544 κτλ.
582 1478 741 1556 (vsss38ti).
787 1477 849 1562 lam
870 1495 946 1541 vero
970 1477 1101 1544 debebat
1124 1481 1241 1545 aeterni
1262 1481 1303 1545 tl-

204 1593 263 1657 lius
286 1592 340 1656 lati
363 1591 533 1656 necessitas
558 1589 687 1670 exponi,
718 1605 776 1682 qua
799 1588 969 1668 animorum
993 1589 1075 1652 vitae
1096 1597 1302 1672 regerentur:

208 1702 289 1784 quod
315 1719 378 1765 non
407 1701 505 1781 potuit
535 1699 633 1780 aptius
666 1697 732 1762 lieri
763 1715 852 1780 quam
874 1684 1044 1762 'celebratis
1074 1697 1133 1763 illis
1157 1706 1304 1782 quatuor-

205 1814 306 1878 decim
332 1810 475 1874 versibus
512 1809 706 1898 (Soli-82),
735 1825 812 1890 quos
833 1808 969 1872 Sturzius
996 1815 1160 1890 exparte,
1182 1811 1305 1876 llarste.

202 1923 283 2001 nius,
305 1939 484 2004 quamquam
517 1921 689 2000 dissectos,
711 1925 838 1984 cunctos
863 1919 1059 2002 physicorum
1084 1925 1183 2001 caput,
1205 1919 1306 2003 Berg-

202 2031 271 2095 kius
294 2036 394 2096 autem
417 2030 571 2112 prooemii
601 2029 797 2112 physicorum
830 2035 945 2109 partem
975 2027 1182 2110 posteriorem
1210 2027 1307 2092 voluit

203 2159 284 2222 esse,
298 2139 549 2205 Panzerbieterus
567 2140 698 2222 denique
716 2147 746 2203 et
769 2138 932 2220 discerpsit
946 2143 977 2202 et
991 2139 1051 2201 buc
1063 2137 1134 2202 illuc
1146 2156 1202 2220 per
1223 2139 1307 2204 eius·

203 2252 273 2316 dom
295 2249 440 2315 carminis
460 2249 625 2331 particulas
643 2249 798 2330 dispersit.
823 2249 887 2310 Nec
908 2247 1005 2310 deluit
1023 2247 1142 2312 duobus
1163 2247 1223 2312 illis
1246 2265 1307 2330 quo

206 2359 359 2442 probabili
381 2365 539 2424 uterentur
561 2359 609 2422 sui
627 2358 744 2422 ordinis
764 2355 929 2438 praesidio.
973 2356 1109 2438 Namque
1130 2357 1307 2424 Plutarchus

164 2550 166 2554 .
209 2467 248 2532 de
275 2465 368 2530 exilio
390 2483 419 2547 p.
436 2467 498 2532 607
513 2467 656 2552 ⁴quinque
676 2481 716 2528 ex
746 2463 807 2528 illis
830 2481 938 2530 versus
960 2464 1093 2530 afferens
1115 2465 1162 2529 sic
1183 2468 1310 2548 praela-

203 2581 252 2640 tus
270 2580 336 2640 est:
368 2571 385 2638 ὅ
408 2575 438 2636 θ’
459 2574 666 2657 Ἐμπεδοκλῆς
693 2575 726 2638 ἐν
754 2572 842 2660 α’ρχῇ
860 2575 915 2659 τῆς
948 2557 1141 2660 φιλοσοφίας
1163 2597 1307 2658 προανα-

204 2679 356 2770 φωνήσας
377 2721 434 2766 -,
457 2686 544 2750 cuius
567 2685 734 2750 testimonii
752 2687 799 2750 vis
820 2691 1007 2769 tam'aperta
1021 2685 1088 2748 visa
1110 2689 1167 2764 est,
1190 2689 1306 2751 utnon

203 2795 285 2888 iam,
308 2794 361 2858 ubi
383 2801 487 2861 essent
511 2797 543 2864 tri
565 2811 673 2862 versus
691 2796 882 2876 collocandi,
905 2797 1064 2861 videretur
1085 2794 1307 2876 haesitandum,

204 2921 386 2988 omnemque
397 2907 497 2990 potius
508 2907 640 2989 lapidem
652 2908 762 2972 moturi
775 2913 889 2987 essent,
905 2925 993 2989 quam
1005 2913 1038 2970 ut
1053 2906 1093 2970 de
1103 2912 1185 2970 tanta
1198 2911 1308 2970 aucto-

202 3017 294 3081 ritate
315 3018 476 3100 quicquam
491 3018 611 3084 detrahi
624 3024 810 3100 paterentur.
832 3016 1035 3099 Empedocles
1047 3016 1188 3080 nimirum
1211 3033 1305 3097 prae*

204 3125 288 3190 tandi
309 3130 429 3192 muneri
450 3133 482 3191 ut
503 3129 707 3208 satisfaceret,
731 3148 748 3191 a
771 3128 953 3192 daemonum
977 3127 1186 3192 animorumvc
1210 3127 1307 3190 caede

204 3233 386 3314 pollutorum
410 3238 511 3301 exiliis
542 3255 709 3318 eorumque
731 3255 786 3317 per
812 3253 943 3318 corpora
977 3235 1210 3318 migrationibus
1226 3253 1307 3318 pro·

206 3341 304 3406 lectus
325 3350 372 3407 est
393 3344 554 3408 adrerum
576 3351 714 3409 naturam
737 3346 889 3410 subtiliter
910 3365 948 3410 ac
972 3346 1063 3410 docte
1081 3341 1304 3427 exponendam,

205 3457 367 3534 postquam
388 3453 509 3518 scilicet
528 3461 719 3531 narraverat,
743 3473 831 3537 quam
843 3453 937 3519 flebili
958 3473 1026 3518 cum
1043 3455 1157 3538 gemitu
1176 3471 1214 3518 ac
1235 3455 1306 3536 plo·-

205 3566 273 3624 ratu
289 3561 321 3624 in
335 3561 451 3628 tristem
474 3563 553 3630 banc
573 3550 751 3648 speluncam
771 3564 984 3629 descendisset
1002 3569 1174 3646 quantaque
1198 3565 1304 3628 cuius-

206 3669 329 3734 cemodi
360 3671 508 3738 malcrum
532 3675 613 3742 mole
638 3676 764 3740 obrutus
791 3693 846 3756 per
864 3675 948 3740 vitae
980 3673 1104 3740 deserta
1124 3674 1194 3740 loca
1214 3692 1305 3740 erra·

239 3969 268 4038 θ)
289 3969 321 4024 lJt
340 3969 435 4024 illustri
454 3971 574 4041 exemplo
588 3971 711 4026 doccatur
724 3973 756 4025 ad
775 3973 861 4044 qualia
879 3976 1102 4045 interpretationis
1114 3987 1227 4033 monstra
1239 3981 1306 4035 talsa

205 4067 408 4136 fragmentorum
428 4067 565 4137 dispositio
583 4071 667 4138 postit
686 4069 798 4136 illicere,
816 4087 945 4140 apponam
958 4073 1152 4129 Panzerbisteri
1170 4075 1305 4147 (Baitrtgs

207 4179 253 4215 rur
271 4161 354 4216 ilritik
371 4165 424 4218 uod
442 4163 591 4237 Erkltrong
609 4166 655 4219 des
677 4167 858 4236 Empedocles.
880 4165 955 4223 rent.
973 4186 999 4238 p.
1018 4171 1046 4244 2)
1066 4169 1098 4224 ad
1116 4187 1209 4246 versus
1228 4151 1306 4236 supra

205 4260 350 4328 descriptos
368 4261 467 4314 narbas
486 4263 611 4334 Offendor
627 4263 739 4318 nemticb
757 4266 818 4336 liept
848 4267 894 4318 dar
919 4263 1086 4337 Verrtcssuap
1104 4268 1150 4320 der
1167 4265 1303 4318 namanes·

208 4358 266 4411 sine
282 4357 420 4430 plpriaets
429 4359 539 4414 Arrisit
555 4377 588 4414 su
602 4361 721 4418 Grande:
740 4363 787 4416 der
813 4365 974 4418 Verrtorserre
993 4365 1031 4416 tc
1040 4366 1083 4432 [ft
1100 4363 1152 4427 crs
1165 4355 1304 4410 denfltm't

202 4455 257 4510 und
273 4456 315 4512 dis
333 4457 416 4512 duret
436 4457 527 4512 ιιιιιια
547 4458 703 4528 Horrrrdalt
720 4459 928 4531 tartsipspltbrte
946 4473 1011 4514 ιιαιι
1035 4449 1209 4522 mammosa.
