2854 4734
132 529 234 610 poten
252 521 395 608 probarip
419 522 577 605 possitque
597 521 658 588 huc
679 522 797 602 valere,
815 518 899 603 parod
918 517 1097 586 Ammaia
1118 516 1232 582 dimum

133 633 281 718 (metaph.
303 633 327 714 l,
350 631 371 698 3
395 623 613 716 Ἀναξαγόρας
644 631 680 696 δὲ
710 627 728 692 δ
751 631 969 711 Κλαζομένιος
991 631 1029 714 ιη’
1049 629 1110 708 μὲν
1131 622 1236 714 ἡλικίᾳ

133 741 288 830 πρότερος
308 735 353 810 ιδν
375 740 489 806 τούτου
512 741 806 821 (Ἐμπεδοκλέους),
829 746 894 815 τοῖς
916 740 943 802 δ’
965 735 1068 822 ἔργοις
1089 728 1234 819 δοτορος)

133 871 198 920 οου
219 849 460 938 improbabiliter
484 850 531 917 aie
552 851 807 931 interpretantur,
834 854 867 912 ut
888 847 1105 930 Empedoclem
1126 853 1236 930 ponto-

134 964 199 1030 riuu
222 968 435 1042 bannense,
467 959 638 1026 doctrinam
666 965 765 1024 autem
796 958 880 1040 prius
904 975 995 1041 ροοιο
1018 960 1234 1040 Anxogoram

141 1072 322 1154 exposuisse
355 1069 473 1134 dicant:
507 1069 590 1150 quod
624 1085 692 1134 cum
720 1068 761 1134 od
786 1068 913 1152 physica
943 1073 1057 1134 tanturn
1079 1067 1234 1149 pertinere

140 1185 297 1264 appareat,
318 1177 455 1262 sequitur
478 1181 511 1240 ut
530 1195 568 1242 ea
589 1176 735 1243 aiuvcue
754 1175 937 1258 philosopho
958 1177 1135 1260 conscripta
1157 1175 1234 1240 sint:

135 1309 206 1356 uam
228 1290 288 1354 hoc
310 1288 342 1352 in
363 1286 501 1352 lustralia
520 1303 584 1350 non
606 1286 786 1366 convenire,
807 1303 875 1354 cum
896 1285 990 1352 multa
1005 1285 1065 1350 alio
1087 1285 1235 1365 indicant,

134 1407 196 1467 mm
212 1417 290 1484 quae
307 1399 339 1462 io
358 1415 464 1465 eorum
483 1397 644 1479 prooemio
666 1396 817 1475 (vesana
830 1406 914 1478 uoq.)
935 1375 1056 1480 gloriae
1076 1396 1137 1462 ian
1158 1412 1238 1459 oon-

137 1515 304 1576 summatae
318 1507 399 1572 inest
420 1507 555 1572 iactatio.
599 1506 728 1589 Physica
750 1523 844 1588 porro
867 1505 907 1570 ex
925 1505 1065 1572 omatibus
1081 1504 1237 1586 Empedo-

139 1620 194 1686 clis
217 1618 363 1704 operibus
395 1616 611 1702 pravissimum
634 1632 725 1695 ense,
756 1615 849 1680 totius
870 1615 1056 1697 antiquitatis
1079 1613 1237 1682 conuenti-

138 1736 188 1796 tur
208 1746 286 1812 vox,
310 1733 403 1810 utque
423 1745 461 1792 ea
482 1724 799 1810 intellegendarum,
827 1725 927 1792 sicubi
946 1726 1091 1790 universe
1112 1724 1153 1789 de
1171 1725 1238 1789 eiua

136 1839 225 1924 poesi
241 1844 292 1904 out
306 1836 500 1920 philosophia
517 1853 619 1902 sermo
633 1842 690 1917 est,
705 1836 747 1900 ita
763 1834 802 1902 ad
820 1836 899 1900 hacc
913 1836 1151 1920 fragmentorum
1167 1851 1238 1918 pars

139 1950 271 2018 maxima
293 1947 434 2030 pertinet.
479 1946 630 2022 Quamdiu
651 1952 752 2010 autem
774 1945 808 2012 io
832 1946 988 2012 hominum
1008 1946 1147 2011 manibus
1168 1945 1240 2010 lue-

85 2093 88 2119 ι
136 2060 209 2142 rint,
231 2076 295 2124 uon
314 2058 387 2124 licet
406 2063 493 2120 certo
509 2055 657 2136 delinire3
690 2056 863 2138 Simplicius
896 2056 1018 2138 minem
1048 2061 1112 2120 tota
1131 2073 1167 2120 ce
1189 2054 1240 2118 le-

81 2158 87 2253 ;'
139 2170 226 2256 pisse
250 2187 319 2234 cum
340 2167 505 2234 crebritate
528 2185 566 2232 ac
585 2166 735 2232 varietate
750 2165 1097 2234 laudatorumuerauum
1119 2163 1239 2248 probat,

83 2277 86 2317 ³
140 2285 203 2346 tum
228 2278 382 2362 significat
403 2277 441 2344 ad
465 2295 511 2344 vs.
533 2277 614 2342 217:
638 2277 698 2344 nisi
720 2277 853 2344 lomense
874 2292 942 2340 cum
964 2275 1097 2342 Prellero
1122 2274 1239 2355 (diurn.

140 2388 233 2474 antiq.
258 2388 389 2454 Dormat.
416 2387 495 2454 1837
515 2405 545 2468 p.
563 2384 639 2464 154)
667 2373 1180 2476 'chresto-mathiamillumquadam
1201 2382 1242 2448 ad

45 2508 51 2592 ξ
138 2501 390 2584 philosophorum
410 2504 557 2594 veterum·
579 2496 879 2592 ⁸!Edii„,99l¹¹liii²!
909 2469 1241 2577 upumcsncetatucre

140 2611 229 2678 velia.
273 2609 458 2693 Chrysippus
480 2613 565 2670 certe
581 2623 651 2670 eum
670 2605 702 2670 iu
724 2605 847 2670 modum
862 2607 958 2674 libros
980 2624 1053 2672 auos
1078 2607 1246 2670 curiueouo-

16 2717 29 2762 i
141 2736 201 2803 que
220 2717 345 2803 generis
368 2717 447 2782 locis
479 2734 497 2780 a
526 2714 625 2797 poetis
657 2720 688 2779 et
708 2714 910 2798 scriptoribus
933 2715 1087 2798 excerptis
1107 2713 1242 2796 refersit,

140 2835 173 2894 ut
194 2845 267 2894 mox
289 2827 330 2892 ob
354 2825 605 2893 honcutilitatom
626 2825 659 2890 in
680 2824 855 2894 echonmm
877 2843 968 2892 usum
988 2825 1169 2890 devenirent
1191 2833 1238 2899 (a.
1266 2807 1272 2812 ’

141 2937 273 3006 lluische
296 2935 518 3019 Foracbungen
540 2937 595 3002 aut
611 2936 681 3002 dem
704 2935 832 3002 Gcbicte
855 2936 912 3002 der
943 2936 1025 3002 alten
1045 2932 1242 3016 Philosophia
1355 2935 1373 2982 l

139 3066 169 3131 p.
184 3046 280 3128 480);
301 3047 382 3112 inter
403 3062 519 3129 eosque
539 3052 647 3129 poetas
670 3065 710 3110 ne
732 3051 870 3117 nostrum
890 3035 1015 3128 quidem
1036 3044 1174 3110 doluisse
1195 3042 1245 3107 el-

138 3157 239 3222 iioitur
262 3173 281 3220 e
302 3153 409 3220 Galen.
431 3155 518 3238 llipp.
540 3154 620 3237 plac
642 3156 692 3237 111,
704 3155 734 3222 3.
758 3173 788 3238 p.
803 3155 864 3224 118
884 3147 989 3240 οδςπορ
1007 3149 1070 3237 γδρ
1093 3153 1125 3230 ἐξ
1144 3146 1245 3234 'Opq'-

140 3291 199 3353 ρου
222 3267 277 3332 καὶ
292 3263 446 3332 Ἡσιόδου
470 3267 596 3350 βραχέα
618 3267 802 3352 παρεθέμην
824 3255 904 3333 cinti
928 3263 1119 3348 Χρύσιππος
1141 3256 1242 3347 ἔγρα-

142 3392 224 3460 ψεν,
248 3370 334 3442 οὕτω
361 3375 393 3452 ἐξ
415 3375 554 3462 Ὀρφέως
582 3379 636 3441 καὶ
654 3376 897 3458 Ἐμπεδοκλέους
925 3373 978 3440 καὶ
1003 3373 1166 3457 Τυρταίου
1192 3372 1249 3436 καί

142 3486 338 3571 Στησιχόρου
359 3488 413 3550 καί
438 3486 617 3568 Εδριπδδου
642 3487 697 3548 καλ
714 3477 828 3566 ἔνδρυον
856 3482 993 3566 ποιηιοῖν
1015 3482 1101 3563 ἑμιῆν
1121 3501 1245 3566 μνημο-

142 3590 226 3658 νεύει
250 3591 454 3676 παμπόλλων,
479 3593 521 3656 ib.
543 3612 573 3675 p.
587 3593 647 3658 tao
669 3590 833 3676 ἐμπλήσας
866 3591 882 3654 ὁ
905 3588 1096 3675 Χρύσιππος
1118 3585 1193 3656 iiior
1211 3588 1245 3656 ιδ

140 3701 264 3786 βιβλίον
292 3701 376 3764 ἐπῶν
400 3698 594 3786 Ὁμηρικῶν
615 3698 671 3764 καὶ
701 3698 891 3766 Ἡσιοδείων
930 3699 985 3766 nol
1013 3701 1247 3784 Σοηοιχοριδιον

141 3809 428 3894 Ἐμπεδοιλείυννοε
445 3807 500 3877 καὶ
516 3808 690 3895 ’opponam
710 3809 889 3892 quibuscum
913 3810 991 3876 tocie
1015 3810 1159 3876 conferas
1181 3808 1246 3874 cie.

144 3915 184 3980 de
197 3923 261 3982 not.
273 3918 361 3984 deor.
375 3918 399 3998 l,
416 3919 465 3999 15,
478 3917 518 3984 41
543 3917 600 3996 (de
618 3915 805 4000 Chrysippo)
824 3924 854 3982 et
873 3918 951 3982 boec
968 3916 1088 3998 quidem
1102 3918 1245 4000 inprime

147 4025 228 4090 libro
249 4027 286 4090 dc
304 4034 419 4093 notura
442 4028 584 4092 deorum:
612 4030 646 4092 io
667 4028 800 4092 secondo
822 4036 922 4094 oulen
940 4030 1006 4092 cult
1026 4025 1151 4112 Orphei,
1175 4029 1247 4094 llu-

143 4135 221 4218 aaeo'‚
242 4133 368 4201 Hesiodi
380 4136 562 4218 Homerique
583 4137 720 4220 fohellue
731 4140 932 4203 accomodare
952 4139 995 4204 od
1007 4158 1056 4222 co,
1079 4157 1158 4222 puae
1178 4140 1246 4222 ipra

141 4245 243 4328 primo
263 4244 341 4316 titre
362 4245 398 4312 dc
420 4246 486 4310 daia
504 4245 723 4312 immortalibus
753 4247 897 4311 uioeroc:
924 4255 959 4314 at
979 4249 1070 4316 αλοαι
1092 4247 1248 4314 acerrimi

142 4361 273 4445 poetae„
299 4355 352 4442 uod
369 4353 446 4425 baec
462 4376 501 4420 oe
521 4356 671 4440 coeptante·
691 4353 811 4440 paiddm
830 4364 917 4443 aaut,
955 4359 1054 4428 hmini
1074 4357 1175 4440 {uina
1196 4357 1253 4419 ct..
