2854 4734
189 626 342 708 oratione,
365 641 424 708 qua
447 639 503 690 suo
522 622 662 706 exemplo
693 621 828 687 emnium
855 623 946 702 poeta
969 617 1096 684 doceret
1117 619 1287 688 animorum

189 736 339 820 principia
365 741 455 816 atque
478 734 626 798 fortunas.
667 732 733 796 Huc
757 729 866 796 eodem
894 746 988 812 porro
1018 729 1182 794 referenda
1204 745 1286 810 esse,

191 864 270 929 quae
292 846 332 909 de
351 845 521 910 animorum
543 844 574 906 in
597 842 687 907 terris
711 861 765 924 per
787 840 969 923 multiplices
985 840 1100 904 formas
1125 839 1287 923 migratio·
1336 830 1339 838 ’

190 975 248 1037 ne,
280 954 319 1020 dc
341 952 513 1020 animalium
535 954 655 1019 nefasta
677 953 785 1032 caede,
799 952 839 1016 de
859 951 967 1033 poenis
987 969 1024 1015 ac
1044 949 1287 1032 purgationibus,

189 1066 229 1131 de
251 1065 351 1130 reditu
370 1064 502 1146 denique
523 1063 562 1128 ad
583 1064 690 1128 beatas
713 1063 841 1126 deorum
869 1061 961 1126 sedes
982 1060 1150 1142 harumque
1167 1059 1289 1125 descri-

188 1177 293 1258 ptionc
317 1175 348 1238 in
369 1175 550 1258 fragmentis
572 1179 785 1256 exponuntur,
815 1190 882 1238 cum
903 1191 921 1236 e
941 1171 1019 1236 locis
1046 1170 1145 1241 allatis
1166 1167 1288 1254 perspi-

189 1286 278 1366 citur,
302 1291 363 1349 tum
385 1291 417 1348 ut
439 1302 495 1349 suc
525 1284 654 1368 quisque
681 1283 797 1347 iudicio
820 1281 996 1348 existimare
1022 1287 1140 1364 posset,
1165 1279 1288 1346 curavi-

189 1413 254 1460 mus
277 1394 537 1460 adnotationibus.
1351 1381 1356 1399 ³

290 1504 379 1584 Nam,
401 1510 435 1569 ut
455 1505 517 1569 iam
537 1503 751 1586 disputationis
782 1501 898 1567 calcem
926 1501 1089 1588 attingam,
1111 1499 1172 1566 duo
1195 1516 1288 1582 prae-

191 1615 280 1698 cipue
300 1615 333 1680 in
355 1615 414 1680 bac
429 1616 669 1700 fragmentorum
690 1613 877 1680 recensione
899 1613 997 1679 secuti
1017 1629 1140 1692 sumus,
1161 1611 1289 1692 primum

186 1730 220 1788 ut
242 1741 331 1806 quarn
348 1724 520 1790 certissime
539 1730 646 1806 posset
662 1730 718 1789 suo
741 1723 884 1806 quodque
904 1723 1105 1808 fragmentum
1125 1723 1197 1787 loco
1222 1720 1292 1786 col-

186 1833 381 1898 locaremus:
415 1834 496 1916 quod
516 1851 615 1918 genus
638 1840 672 1897 ut
701 1834 733 1896 in
766 1833 895 1918 singulis
917 1832 1100 1914 minutisque
1120 1829 1290 1914 perdiffici-

187 1942 249 2006 lem
273 1961 366 2026 saepe
387 1943 480 2008 babet
502 1943 714 2010 defensionem
738 1943 912 2027 pendetque
939 1963 957 2008 a
980 1941 1114 2025 quodam
1136 1941 1174 2007 ad
1193 1939 1287 2008 totius

191 2051 334 2116 carminis
356 2054 491 2135 speeiem
514 2048 707 2119 conformato
729 2073 846 2135 sensu,
869 2054 911 2118 ita
933 2053 1020 2118 aedis
1042 2053 1139 2118 instar
1160 2050 1289 2135 partium

189 2167 292 2226 mutuo
315 2180 397 2228 nexu
406 2165 559 2248 totiusque
579 2165 737 2230 instaurati
755 2165 899 2228 carminis
914 2163 1128 2230 convenientia
1153 2181 1190 2228 ac
1213 2179 1292 2226 con-

188 2289 282 2337 sensu
295 2272 429 2337 firmatur
445 2281 476 2338 et
494 2274 740 2352 commendatum
763 2273 891 2336 alterum
905 2279 1004 2338 autem
1022 2272 1205 2338 emendandi
1225 2289 1291 2336 mu·

192 2399 268 2447 nere
291 2382 474 2448 continetur.
517 2385 618 2466 Atque
640 2382 721 2447 illius
742 2381 789 2446 rei
810 2381 947 2446 rationes
977 2402 994 2447 a
1016 2382 1175 2448 doctrinae
1196 2399 1290 2448 enar-

191 2490 311 2555 ratione
336 2507 400 2554 non
422 2491 611 2572 separandas
634 2509 706 2556 mox
719 2491 875 2574 copiosius
890 2507 1093 2574 exponemus:
1115 2509 1198 2556 nunc
1218 2496 1290 2558 tan-

192 2604 254 2663 turn
276 2599 308 2663 in
337 2599 587 2664 adnotationibus
609 2600 759 2682 dedimus,
783 2606 926 2684 quantum
948 2600 987 2666 ad
1010 2599 1124 2664 iudicio
1147 2599 1290 2667 facienda

190 2709 265 2774 'satis
286 2708 462 2789 videretur3
494 2710 631 2812 opiticum
662 2717 762 2776 autem
792 2717 908 2794 partem
941 2711 983 2774 ita
1016 2709 1234 2793 tractavimus,
1257 2715 1291 2775 ut

187 2825 379 2900 apparatum,
401 2838 490 2902 quem
506 2828 636 2902 vocant,
659 2821 798 2886 criticum
817 2838 905 2904 quam
930 2837 1090 2904 possemus
1112 2820 1289 2904 plenissime

187 2929 415 3014 colligeremus,
439 2939 649 3014 (aprumquam,
673 2949 713 2996 ne
737 2948 795 2995 nos
815 2930 916 3013 aliqua
938 2931 970 2996 in
1000 2931 1289 2996 commentariorum

187 3036 321 3104 latebras
352 3039 455 3105 abdita
483 3039 636 3124 fugerint,
666 3040 807 3105 nolumus
836 3045 1010 3123 praestare)
1046 3059 1106 3122 quo
1136 3039 1287 3126 cognosci

148 3141 149 3144 ’
185 3153 302 3227 posset,
325 3165 384 3228 quo
400 3165 549 3214 successu
568 3149 703 3214 editores
717 3149 882 3232 (Bergbios
894 3149 983 3229 =tt.,
1007 3147 1288 3230 Korstcnios=1f.,

187 3253 441 3317 Poenorbictaras
461 3286 493 3312 =
511 3257 553 3336 P.‚
577 3256 717 3320 Sincaius
739 3287 772 3313 =
793 3258 835 3322 st.
848 3261 896 3337 l),
918 3258 1027 3339 quibus
1042 3276 1117 3340 prae
1139 3257 1207 3322 aliis
1229 3259 1289 3323 ad-

187 3362 360 3446 iungendus
379 3362 532 3444 deceptos
550 3363 698 3446 Scaliger,
721 3365 807 3428 cuius
824 3365 1055 3430 emendationes
1076 3383 1171 3448 saepe
1192 3385 1288 3449 prae-

187 3471 290 3537 clarae
310 3472 419 3555 partim
441 3475 473 3537 in
494 3473 621 3538 llenrici
647 3474 792 3556 Stephani
820 3474 909 3556 poesi
930 3473 1142 3558 philosophica
1174 3475 1286 3562 legun-

283 3699 310 3764 *J
332 3698 375 3752 fis.
393 3675 501 3770 Berpkii
518 3701 696 3754 commentatio
715 3702 746 3754 ds
771 3702 903 3772 prooemio
922 3701 1096 3772 Empedoclis.
1117 3701 1195 3771 1839,
1217 3719 1285 3776 quae

183 3796 218 3852 58
238 3811 359 3850 versuum
379 3783 496 3850 continet
516 3798 713 3850 recensionem:
732 3813 784 3868 quo
804 3799 933 3852 accedunt
951 3799 1049 3852 multae
1070 3807 1149 3870 atque
1167 3800 1286 3868 pleroru-

182 3909 234 3964 que
252 3895 378 3964 egregiae
395 3893 592 3948 emendationes
609 3902 663 3948 tum
681 3895 779 3950 ibidem
799 3903 852 3948 tom
871 3895 933 3949 alibi
953 3899 1113 3966 propositae.
1134 3927 1169 3940 -
1184 3898 1283 3969 Empe.

183 3991 264 4044 doctis
282 3990 448 4060 Agrigentini
466 3991 611 4044 cuminum
629 3991 764 4060 reliquiae.
802 3993 843 4045 Dc
861 3993 915 4046 cito
933 3994 987 4046 eius
1007 4003 1031 4046 et
1044 3993 1135 4047 stodiis
1154 3993 1284 4063 Monuit,

182 4091 331 4156 fragmento
355 4087 490 4158 eepliwit,
510 4088 700 4159 philosophiam
716 4089 857 4142 illustravit
877 4090 967 4142 Simon
994 4089 1118 4144 Karsten.
1141 4091 1220 4145 1838.
1250 4121 1284 4133 -

184 4184 306 4251 Beitrdge
323 4200 370 4235 sor
390 4183 480 4237 Kritilr
499 4185 553 4256 ond
570 4184 724 4255 Erllcirnnp
743 4186 786 4238 das
795 4185 973 4256 Empedocles,
992 4204 1042 4240 eon
1061 4189 1195 4257 Professor
1213 4188 1285 4238 Pan-

181 4279 315 4333 serbieter.
336 4279 430 4333 Pontio.
450 4281 460 4332 f
481 4275 558 4346 1844,
579 4279 704 4348 partic.ll
724 4281 750 4333 in
770 4280 852 4334 diurn.
873 4282 971 4353 antiqu.
994 4283 1061 4336 1845
1079 4297 1104 4350 p.
1118 4280 1171 4334 883
1179 4294 1236 4346 sqq.
1250 4305 1283 4318 -

184 4376 292 4448 Empori.
312 4375 405 4447 Agrip.
425 4375 464 4430 Dc
480 4378 535 4430 nito
554 4386 577 4430 ct
593 4377 757 4449 pbilosopbio
778 4380 832 4434 eius
851 4381 981 4453 esposuit,
1000 4379 1142 4432 caminum
1160 4369 1284 4436 religasti·

181 4481 229 4529 eet.
251 4474 352 4549 ccdopit
371 4481 418 4530 oct.
442 4473 486 4530 ur.
508 4473 538 4532 G·
560 4473 645 4530 stura.
669 4473 745 4528 18⁰5.
