2854 4734
585 331 791 396 ..10-

139 511 210 581 dun
232 513 281 581 sit.
325 512 390 582 litsi
408 528 502 597 porro
521 513 583 578 loc
612 512 822 598 ingeniosam
851 511 1009 598 multiplici
1030 529 1069 578 sc
1087 517 1235 597 praeser-

138 625 191 690 tim
213 624 329 690 oratori
350 625 568 706 concedimus,
601 631 634 688 ut
659 624 692 688 in
722 642 757 688 ra
778 625 863 688 tenui
885 644 923 690 ac
943 625 1047 690 ieiuna
1062 624 1101 690 sd
1121 642 1234 706 prosse

138 735 288 800 orationis
310 735 475 800 exilitatem
491 734 698 815 descenderit,
719 734 965 798 testimoniorum
980 741 1083 800 temen
1095 734 1135 797 de
1148 735 1234 798 eius-

137 845 221 910 modi
244 845 323 910 libro
340 863 440 926 paene
461 825 601 910 delectus
623 861 726 910 acrem
744 844 831 908 inicit
841 845 1027 927 suspicionis
1048 844 1233 926 scrupulum,

137 955 358 1037 intricatisque
388 955 420 1020 id
452 973 551 1040 genus
584 955 670 1020 libris
692 955 861 1044 illustribus
883 955 1057 1020 nominibus
1080 955 1236 1036 inscriptis

135 1065 377 1130 Ptolemaeorum
394 1071 608 1148 aetatemque
624 1065 875 1146 conlectaesunt
895 1065 978 1129 unde
992 1065 1148 1150 Diogenes
1165 1063 1237 1130 Sui-

136 1173 254 1257 dssque
274 1174 453 1254 hauserunt,
476 1174 599 1240 nbulae
620 1194 647 1240 s.
668 1177 814 1255 πίνακος,
841 1180 901 1239 tam
919 1173 1075 1242 luxuriose
1098 1173 1241 1238 llonuisse

137 1286 252 1352 scimus
282 1305 301 1352 e
323 1285 430 1352 Galsni
452 1285 649 1366 querimoniis
685 1295 730 1364 (v.
752 1283 950 1351 llitschelium
971 1285 992 1348 l.
1014 1284 1034 1348 l.
1065 1301 1095 1364 p.
1121 1283 1160 1350 uo
1181 1293 1238 1363 n),

138 1398 171 1456 ut
191 1411 230 1458 ne
252 1395 285 1458 iu
306 1394 364 1458 hac
385 1413 421 1458 re
442 1395 564 1477 quidem
580 1413 701 1475 ornnem
731 1395 949 1460 dubitationem
963 1393 1123 1476 possimus
1139 1393 1241 1456 dimo-

139 1519 225 1566 vere.
266 1503 447 1579 Heraclides
468 1510 554 1568 certe
573 1505 716 1570 Ponticus
739 1522 801 1568 non
825 1509 885 1568 tam
909 1503 1077 1586 longinque
1098 1502 1238 1583 petiisset

136 1619 362 1698 argumentum,
383 1630 472 1698 quam
495 1615 636 1698 Diogene
660 1619 738 1680 teste
761 1613 837 1692 vill,
860 1613 899 1678 61
925 1609 999 1694 (τὴν
1021 1613 1098 1694 γοῦν
1119 1601 1239 1676 ἄπνουν

137 1718 366 1806 ὄἨρολιίδης
396 1721 477 1808 φησί
508 1719 653 1788 τοιοῦτόν
674 1747 704 1788 τι
728 1715 823 1808 εἶναι,
850 1721 893 1796 οὖς
922 1716 1089 1804 condecora
1119 1717 1241 1802 ἡμέρας

138 1836 303 1915 συντηρεῖν
319 1821 440 1896 ἄπνουν
454 1828 510 1896 καὶ
526 1827 688 1916 ἄσφυκτον
709 1829 744 1894 sd
760 1831 870 1912 σῶμα·
893 1821 1240 1894 dorcacestrensem

139 1936 260 2021 (Eun.)
283 1936 338 2006 καί
349 1937 458 2023 ἰατρὸν
477 1937 533 2004 καί
547 1939 667 2021 μάντιν,
687 1936 859 2020 λαμβάνων
878 1934 1014 2021 dinosci
1037 1935 1099 2000 ἀπὸ
1116 1929 1239 2000 τούτων

139 2052 202 2115 τῶν
223 2055 361 2132 οτίχαν,
374 2085 415 2102 ··-
432 2069 493 2115 vss.
507 2050 570 2116 352
581 2069 648 2133 sqq.
661 2049 733 2115 edit.
747 2060 850 2129 meae)
872 2049 958 2130 iecit,
980 2054 1013 2112 ut
1034 2053 1064 2112 et
1084 2045 1238 2110 medicum

140 2166 172 2226 et
191 2167 291 2226 retem
326 2159 552 2226 demonstraret
571 2159 788 2244 Empedoclem
809 2159 923 2238 fuisse,
956 2157 983 2222 s'i
1006 2157 1157 2222 extitisset
1176 2160 1240 2218 tum

139 2271 252 2346 medici
277 2267 404 2356 generis
424 2271 587 2354 inscriptus
601 2267 681 2336 illius
702 2269 819 2334 nomini
840 2269 928 2334 liber.
951 2267 992 2334 nt
1015 2268 1095 2332 enirn
1111 2265 1239 2346 hicipse

139 2380 320 2446 Heraclides
337 2381 370 2444 in
391 2380 483 2456 libro,
506 2398 566 2463 quo
588 2381 627 2444 de
649 2381 762 2444 femina
781 2397 837 2464 per
857 2377 967 2444 multos
989 2372 1055 2441 dies
1080 2375 1118 2442 ad
1133 2373 1240 2440 mortis

140 2489 367 2557 similitudinem
387 2489 509 2555 iacente
533 2495 717 2570 exposuerat
739 2490 790 2570 ll),
814 2487 905 2552 talem
927 2485 1072 2553 feminam
1093 2484 1126 2548 iu
1147 2483 1240 2548 vitam

241 2733 271 2803 l)
290 2732 369 2801 Βίαν.
389 2730 459 2797 vlu,
478 2727 529 2784 δίο
556 2727 734 2803 Ἡρακλείδης
751 2723 791 2784 sd
812 2731 901 2802 nupt
927 2732 986 2797 τίίτ
1005 2725 1122 2784 ἄπνου
1142 2725 1239 2798 διηγα-

140 2829 274 2906 σάμινοο,
295 2830 335 2891 sis
352 2827 494 2895 ἐδοξάσθη
510 2825 547 2883 Ἐ.
567 2827 734 2890 ἀποστείλας
757 2819 808 2894 τὴν
826 2821 932 2896 νεκρὰν
961 2821 1116 2898 ἄνθρωπον
1137 2822 1240 2902 ζῶσαν,

143 2933 234 3002 φησὶν
250 2929 307 2982 asts
335 2923 377 2986 60.
394 2923 577 3000 Ἡρακλείδας
598 2927 635 2984 la
662 2925 705 2998 spi
722 2927 807 2996 napi
824 2923 943 2982 νόσων
962 2925 1035 2996 φησί
1054 2923 1103 2975 καί
1119 2925 1244 2974 Παυσα-

140 3028 189 3098 νίᾳ
206 3024 416 3096 ὑφηγήσασθαι
438 3017 527 3078 αὐτὸν
552 3019 584 3077 τοὶ
608 3025 677 3094 περὶ
703 3016 754 3086 τὴν
777 3019 897 3077 dnonas.
942 3019 986 3073 Μ.
1008 3015 1187 3090 Ἡρακλείδης
1204 3018 1243 3074 ἐν

141 3121 188 3195 spi
217 3120 461 3195 nepissana,
493 3117 535 3175 ὅτι
553 3119 687 3194 λαμπρᾶς
717 3113 753 3184 ’ἦν
775 3120 861 3177 αἰτίαν
881 3119 936 3172 ναί.
979 3114 1054 3170 Unde
1071 3115 1179 3168 luerunt
1196 3115 1242 3182 qui

142 3218 244 3272 duobus
264 3219 292 3271 in
312 3217 387 3272 libris
412 3215 600 3270 concluderent
616 3215 780 3270 Heraclidem
798 3215 831 3267 de
850 3212 1010 3283 Empeducle
1023 3211 1124 3264 medico
1144 3208 1241 3282 egisse.

143 3315 291 3371 Heraclidis
311 3315 380 3368 enim
398 3314 458 3368 libri
479 3319 547 3389 περὶ
571 3313 664 3371 ἄπνου
683 3321 755 3366 certa
772 3313 896 3366 memoria
919 3318 961 3364 est
978 3309 1045 3362 l’liu.
1064 3307 1123 3374 llll,
1140 3308 1176 3362 52
1193 3307 1244 3360 noc

142 3415 256 3486 pastinat
273 3412 360 3467 ssoWs
376 3412 443 3467 dllssd
465 3412 537 3484 apes
553 3412 669 3467 Graecos
685 3409 804 3464 ννίνιιιιιι
818 3407 967 3462 Heraclidis
984 3415 1078 3476 septem
1097 3405 1184 3458 diedesa
1201 3407 1244 3473 fe-

146 3513 234 3566 ass'ssos
253 3511 382 3564 οσαιιίαιιι
397 3511 434 3562 sd
450 3511 530 3562 ον’ίσιιι
546 3516 694 3571 resocatus,
710 3505 801 3559 Helen.
821 3504 855 3558 de
872 3504 923 3557 lec.
942 3503 985 3556 all.
997 3502 1072 3569 Vl‚5
1089 3503 1246 3576 ἐπιγέγρα-

143 3627 213 3665 πται
231 3606 306 3678 γοῦν
323 3596 356 3662 τὸ
383 3608 493 3676 βιβλίον
514 3603 638 3668 ’Ἀνινσνς
659 3603 852 3675 Ἡρακλείδου,
876 3598 956 3672 Diog.
971 3601 991 3668 l,
1015 3598 1049 3656 12
1064 3582 1243 3674 Ἦρονίιίδας

146 3705 162 3762 ὁ
182 3698 324 3764 Ποντικὸς
342 3703 374 3760 la
394 3701 433 3774 spi
449 3705 517 3774 nspl
534 3701 581 3768 τῆς
599 3699 701 3764 ἄπνου,
722 3699 794 3770 Orig.
814 3701 872 3753 eir.
884 3697 954 3752 Cels.
966 3699 993 3763 2,
1006 3694 1038 3748 16
1057 3689 1091 3750 τὰ
1110 3699 1243 3768 περὶτῆς

145 3789 228 3875 παρα
245 3800 284 3874 spi
297 3798 463 3873 Ἡρακλείδῃ
480 3795 583 3856 ἄπνου.
603 3799 642 3848 Ac
660 3797 752 3848 rutrum
771 3796 891 3863 prolecto
905 3796 927 3850 si
940 3791 1093 3846 Heraclides
1111 3803 1243 3859 aurursus,

145 3899 189 3951 cui
209 3896 369 3968 singulmrn
382 3894 476 3948 librum
495 3894 661 3960 muraenas,
682 3891 766 3946 altero
778 3893 856 3944 etiam
871 3893 939 3945 lilsro
954 3889 1073 3945 similitor
1091 3895 1243 3943 ίιοσίσιιιιίι

145 3999 174 4047 ut
190 4000 265 4046 recle
282 3995 410 4048 cernisne
427 3992 553 4046 dicendos
572 3991 606 4046 sit
624 3991 746 4046 Deswert
764 3985 879 4062 (dissert.
897 3989 931 4041 de
944 3987 1047 4040 Heracl.
1068 3987 1142 4040 lost.
1162 3999 1187 4054 p.
1198 3985 1245 4054 89)
1424 3977 1425 4032 l

145 4091 223 4146 reuss
241 4090 408 4160 Hensgiique
421 4091 572 4157 opinionem
591 4090 685 4142 lilnurn
706 4088 775 4160 nupt
800 4088 895 4145 duros
915 4077 1058 4139 l'ausuniae
1085 4081 1245 4146 donantium,
1329 4061 1334 4072 ’

148 4197 201 4240 nou
217 4185 280 4238 itssu
300 4184 457 4251 Gassuhoni,
475 4185 520 4253 qui
539 4185 606 4239 dous
622 4184 683 4238 illos
715 4183 796 4236 libros
824 4185 891 4256 saepi
907 4182 1003 4238 ἄπνου
1023 4188 1050 4233 οι
1067 4181 1133 4252 περὶ
1150 4173 1247 4236 νόσων

144 4293 227 4343 οσανν
245 4281 409 4349 nmque
424 4296 484 4336 ssss
502 4282 660 4340 σνιίνοιτιι
680 4281 762 4336 lluiss
781 4285 853 4339 certe
871 4278 932 4336 ituri
949 4285 1056 4346 praeter
1073 4271 1243 4328 slhscsuso-

149 4380 226 4449 penis
245 4378 320 4434 locos
337 4389 390 4430 uua
409 4376 487 4430 etism
504 4375 605 4448 reliqua
621 4374 754 4445 memoris,
773 4375 809 4430 id.
821 4376 851 4445 l,
862 4374 897 4430 ot-
913 4375 953 4450 <lu
971 4371 1092 4441 σινοίατο
1102 4367 1247 4428 Heraclidis
